4185 6288
529 2600 707 2647 Divisio.

742 456 821 519 no
1830 445 2478 518 SENTENTIARUM.
2522 445 2675 511 LlB.
2720 444 2829 512 111.

740 587 917 657 visui
938 587 1058 658 vix
1080 594 1296 680 posset
1321 572 1592 678 subjici,
1624 584 1859 656 diebus
1881 591 2107 654 autem
2141 581 2278 651 illis
2304 603 2472 675 quos
2500 579 2919 673 Augustinus
2942 592 3300 671 memorat,
3337 584 3621 676 perfecta
3665 593 3768 655 est
3785 637 3805 673 ,
3861 595 3932 656 et

741 702 1081 774 mutabilis
1106 703 1299 774 facta.
1331 702 1799 773 «Incarnatum
1828 708 1926 772 est
1938 722 2097 792 ergo
2120 696 2448 785 Verbum,
2478 704 2556 766 ut
2573 696 2666 767 ait
2681 697 2968 768 Joannes
2983 698 3426 770 Damascenus
3443 705 3492 788 ¹,
3514 706 3580 770 et
3604 701 3928 794 apropria

740 819 1270 913 incorporalitate
1299 840 1437 888 non
1463 817 1779 905 excessit,
1826 825 1892 888 et
1919 823 2135 886 totum
2161 815 2577 885 incarnatum
2607 823 2735 899 est,
2777 823 2843 884 et
2869 822 3085 885 totum
3127 823 3227 885 est
3250 815 3921 908 incircumscriptum.

737 934 1108 1006 Minoratur
1131 934 1581 1028 corporaliter,
1613 943 1678 1006 et
1710 932 2149 1037 contrahitur,
2196 940 2261 1001 et
2294 930 2519 1002 divine
2565 938 2663 1000 est
2712 930 3376 1026 incircumscriptum,
3409 954 3544 1002 non
3584 940 3930 1003 coextensa

735 1074 932 1122 carne
957 1052 1101 1145 ejus
1123 1074 1276 1121 cum
1295 1051 1858 1144 incircumscripta
1881 1049 2253 1121 divinitate.
2278 1075 2313 1113 »
2344 1047 2493 1118 Non
2513 1048 2599 1141 (a)
2639 1048 2711 1118 in
2739 1048 3050 1118 omnibus
3074 1048 3307 1140 igitur,
3336 1048 3457 1142 qui
3482 1071 3681 1142 super
3706 1049 3932 1120 omnia

737 1176 907 1255 erat,
938 1166 1008 1237 in
1035 1175 1225 1239 utero
1251 1174 1492 1238 sanctae
1519 1166 1852 1259 genitricis
1877 1165 2239 1252 existebat,
2271 1164 2383 1235 sed
2410 1163 2650 1257 inipso
2673 1172 2823 1236 actu
2849 1165 3339 1236 incarnationis.

1357 1447 1556 1525 PARS
1598 1447 1649 1523 1.

990 1635 1076 1682 DE
1132 1633 1418 1680 CHRISTI
1480 1633 1708 1680 coNcE
1725 1631 1888 1679 r'rlo
1906 1631 2018 1679 mi.

1143 1809 1554 1878 EXPOSITIO
1592 1809 1921 1877 TEXTUS.

844 1973 1099 2035 Quaeritur
1124 1972 1276 2026 etiam
1299 1973 1363 2025 de
1391 1986 1544 2025 carne
1573 1972 1732 2025 Verbi
1751 2010 1768 2038 ,
1797 1986 1866 2025 an
1886 1971 2192 2040 priusquam

1271 2053 1642 2120 conciperetur,
1674 2056 1774 2105 etc.

823 2192 1034 2277 Supra
1064 2194 1202 2275 egit
1238 2192 1540 2276 Magister
1566 2193 1645 2259 de
1674 2191 2144 2275 incarnatione3
2181 2191 2289 2258 hic

743 2318 899 2367 vero
922 2301 1062 2383 agit
1088 2300 1165 2366 de
1205 2300 1636 2383 conceptione.
1678 2299 1757 2364 Et
1782 2300 1935 2384 quia
1963 2304 2108 2366 ante
2133 2319 2287 2366 con·

744 2406 1098 2490 ceptionem
1145 2406 1289 2472 Filii
1336 2406 1445 2471 Dei
1500 2407 1825 2490 praecessit
1879 2408 2289 2473 sanctificatio

746 2512 1047 2596 Virginis,
1077 2514 1219 2580 ideo
1239 2515 1359 2579 ista
1375 2533 1524 2598 pars
1546 2513 1740 2580 habet
1766 2515 1923 2580 duas
1948 2518 2196 2598 partes.
2216 2514 2290 2579 In

748 2621 956 2705 prima
981 2622 1359 2687 determinat
1375 2622 1648 2706 qualiter
1667 2623 1857 2705 virgo
1876 2622 2076 2688 Maria
2097 2622 2293 2687 fuerit

749 2747 863 2813 per
915 2730 1223 2813 Spiritum
1267 2735 1560 2795 sanctum
1615 2730 2001 2796 sanctificata
2022 2778 2041 2808 ,
2096 2734 2160 2796 et
2211 2731 2293 2796 ab

751 2837 931 2903 omni
951 2836 1092 2902 labe
1111 2841 1416 2920 purgata;
1440 2839 1718 2905 secundo
1738 2857 1893 2903 vero
1915 2838 2295 2903 determinat

751 2944 1024 3028 qualiter
1041 2963 1189 3011 caro
1217 2945 1447 3010 Christi
1465 2945 1660 3010 fuerit
1683 2964 1798 3030 per
1822 2944 2131 3030 Spiritum
2154 2966 2296 3012 san-

751 3055 926 3115 ctum
978 3056 1298 3134 concepta,
1355 3052 1523 3117 intra
1550 3059 1575 3094 ¹
1630 3075 1647 3118 ι
1713 3055 1868 3119 Cum
1926 3058 2296 3123 incarnatio

760 3158 984 3237 Verbi,
1033 3163 1151 3224 etc.
1203 3159 1417 3224 Prima
1459 3178 1608 3243 pars
1656 3161 1964 3228 dividitur
2013 3163 2084 3227 in
2135 3163 2297 3229 duas

751 3271 983 3351 partes,
1012 3267 1082 3330 in
1101 3287 1374 3352 quarum
1402 3269 1612 3352 prima
1637 3269 2019 3335 determinat
2042 3271 2121 3337 de
2147 3290 2298 3337 san-

752 3375 1153 3456 ctificatione,
1196 3394 1346 3460 quae
1387 3378 1709 3460 praecessit
1750 3379 1980 3444 Christi
2019 3398 2295 3464 concep-

752 3478 1024 3560 tionem3
1051 3480 1121 3544 in
1139 3480 1418 3546 secunda
1432 3499 1588 3546 vero
1607 3480 1876 3566 inquirit
1899 3487 2123 3548 utrum
2149 3502 2295 3550 caro

753 3587 982 3653 Christi
1017 3588 1106 3652 ita
1144 3589 1423 3672 potuerit
1465 3589 1536 3653 in
1576 3590 1902 3656 Abraham
1939 3590 2257 3674 ‚decimari
2275 3638 2295 3670 ,

752 3693 916 3759 sicut
976 3695 1049 3760 in
1101 3694 1368 3778 Virgine
1424 3696 1632 3780 potuit
1694 3698 2092 3763 sanctificari.
2150 3698 2298 3764 ldeo

753 3800 964 3884 primo
1012 3802 1149 3885 agit
1196 3802 1276 3868 de
1319 3805 1838 3885 sanctificatione;
1892 3806 2171 3872 secundo
2220 3807 2299 3873 de

754 3907 1194 3990 decimatione,
1222 3909 1355 3975 ibi:
1392 3910 1547 3977 Cum
1573 3916 1786 3978 autem
1821 3911 1942 3978 illa
1972 3928 2143 3993 caro,
2175 3917 2295 3979 etc.

755 4013 971 4080 Prima
987 4035 1135 4100 pars
1156 4016 1467 4082 dividitur
1492 4018 1563 4083 in
1589 4023 1717 4084 tres
1736 4024 1979 4102 partes:
1999 4019 2069 4084 in
2090 4020 2300 4104 prima

754 4127 934 4207 parte
967 4121 1346 4188 determinat
1379 4144 1529 4209 quae
1556 4126 1747 4191 fuerit
1786 4127 2302 4194 sanctificationis

755 4230 1101 4312 exigentia;
1123 4230 1194 4295 in
1219 4232 1521 4311 secunda,
1543 4251 1693 4317 quae
1720 4235 1749 4299 f
1749 4234 1913 4300 uerit
1941 4236 2300 4302 sanctifica-

754 4335 943 4402 tionis
968 4357 1179 4419 causa‚
1202 4340 1332 4405 ibi:
1363 4343 1645 4409 Mariam
1661 4359 1905 4428 quoque
1925 4348 2123 4413 totam
2153 4345 2301 4428 Spi-

755 4446 926 4514 ritus
950 4453 1241 4527 sanctu-3,
1263 4451 1415 4529 etc.;
1442 4449 1512 4514 in
1533 4451 1718 4516 tertia
1734 4469 1910 4532 ver0,
1932 4470 2079 4536 quae
2109 4453 2302 4519 fuerit

756 4555 1268 4621 sanctificationis
1314 4556 1593 4622 efficacia
1608 4607 1628 4639 ,
1668 4557 1760 4623 ibi
1792 4577 1810 4624 ε
1864 4560 2045 4634 Quod
2090 4567 2301 4630 autem

756 4676 944 4729 sacra
961 4664 1144 4747 virae
1170 4678 1257 4730 esc
1285 4670 1462 4745 tunc,
1497 4667 1616 4729 etc.

1380 4914 1383 4917 .
1416 4855 1555 4904 nus.
1599 4857 1644 4903 1.

1131 4972 1346 5026 Mariam
1371 4986 1576 5040 quoque
1609 4976 1798 5038 totam,
1828 4980 1927 5030 etc.

843 5109 1062 5175 Innuit
1111 5110 1416 5195 Magister
1469 5114 1643 5198 quod
1707 5113 1982 5199 Spiritus
2044 5123 2304 5186 sanctus

763 5216 1030 5284 Mariam
1064 5237 1106 5284 a
1136 5220 1357 5286 fomite
1393 5223 1632 5306 peccati
1662 5226 1993 5308 purgavit.
2032 5228 2265 5294 Contra
2278 5276 2298 5308 ,

826 5374 843 5408 ¹
869 5374 1126 5437 Damasc.,
1153 5373 1215 5424 de
1246 5374 1358 5426 Fid.
1395 5375 1529 5426 orth.
1556 5377 1645 5428 lib.
1677 5379 1762 5430 ΙΙΙ.
1803 5394 1848 5430 c.
1882 5392 1976 5436 vu.
2000 5381 2055 5431 in
2087 5382 2209 5444 fine.
2244 5409 2295 5420 -

760 5470 783 5505 2
803 5443 929 5496 Dist.
953 5455 1022 5494 iv.
1053 5470 1108 5483 -
1130 5445 1334 5509 81(;·οο·.,
1348 5458 1443 5508 111,
1460 5449 1509 5498 7.
1525 5473 1588 5486 —
1606 5448 1781 5514 *Sap.,
1804 5461 1896 5516 vn,
1916 5453 1997 5504 26.

2390 1435 2444 1500 si
2468 1435 2670 1500 fomes
2695 1434 3082 1519 relinquitur
3113 1436 3187 1501 in
3220 1436 3406 1502 nobis
3442 1437 3524 1503 ad
3557 1437 3936 1505 exercitium

2393 1545 2459 1609 et
2482 1542 2807 1623 meritum,
2839 1545 2902 1607 et
2927 1542 3112 1608 beata
3138 1541 3337 1626 Virgo
3359 1544 3482 1609 fuit
3504 1545 3774 1610 maximi
3803 1565 3935 1613 me-

2393 1650 2524 1731 riti,
2553 1669 2685 1716 non
2705 1650 2963 1716 videtur
2977 1652 3150 1736 quod
3171 1652 3458 1719 debuerit
3478 1671 3519 1719 a
3537 1654 3760 1720 fomite
3788 1655 3938 1720 libe-

2374 1756 2544 1856 rari.
2575 1757 2735 1822 Item
2753 1762 2777 1798 ⁸
2804 1758 3110 1826 stimulus
3135 1762 3355 1827 carnis
3385 1759 3582 1829 datus
3610 1760 3744 1842 ruit
3768 1762 3936 1845 Apo·

2394 1867 2556 1931 stolo
2573 1866 2655 1932 ad
2671 1868 2897 1949 gratiae
2910 1867 3149 1934 divinae
3165 1870 3718 1936 conservationem
3739 1891 3754 1935 τ
3781 1889 3934 1953 ergo

2397 1971 2653 2037 videtur
2697 1973 2870 2056 quod
2921 1991 3056 2038 non
3108 1974 3400 2041 debuerit
3450 1975 3690 2041 auferri
3739 1976 3937 2042 beatae

2397 2077 2672 2161 Virgini.

2478 2186 2665 2271 Resp.
2696 2187 3047 2253 Dicendum
3087 2190 3261 2273 quod
3291 2188 3533 2275 aliquid
3558 2197 3658 2257 est
3681 2211 3936 2276 promo-

2398 2295 2606 2361 tivum
2642 2294 2719 2359 ad
2761 2294 3007 2359 bonum
3046 2295 3402 2381 dupliciter,
3435 2298 3675 2365 scilicet
3708 2319 3936 2366 secun-

2399 2402 2558 2468 dum
2582 2420 2844 2468 omnem
2867 2406 3130 2484 statum,
3151 2404 3394 2489 aliquid
3414 2424 3571 2472 vero
3589 2409 3939 2473 secundum

2400 2512 2640 2574 statum
2667 2513 2917 2575 naturae
2945 2510 3140 2595 lapsae
3165 2516 3228 2577 et
3254 2531 3453 2596 aegrae
3476 2535 3492 2579 ε
3516 2514 3690 2580 sicut
3706 2516 3939 2600 aliquid

2401 2621 2496 2684 est
2521 2619 2959 2702 promotivum
2986 2621 3068 2687 ad
3094 2621 3430 2687 sanitatem
3457 2623 3815 2707 dupliciter,
3845 2624 3941 2689 vi-

2402 2725 2624 2791 delicet
2640 2727 3091 2809 communiter,
3108 2728 3274 2794 sicut
3291 2729 3470 2794 cibus
3486 2730 3678 2796 bonae
3695 2748 3939 2815 compo·

2402 2833 2680 2913 sitionis;
2710 2834 2886 2900 aliud
2914 2853 3072 2900 vero
3099 2837 3454 2903 secundum
3478 2841 3717 2904 statum
3752 2837 3940 2920 aegri-

2404 2942 2666 3019 tudiniS‚
2688 2942 2856 3007 sicut
2872 2942 3292 3010 medicinalia.
3310 2944 3664 3011 Dicendum
3683 2951 3777 3012 est
3791 2964 3940 3028 ergo

2404 3049 2574 3133 quod
2598 3050 2799 3114 fomes
2824 3052 2919 3115 est
2943 3049 3024 3114 ad
3041 3052 3513 3134 promotionem
3540 3071 3676 3120 non
3701 3052 3940 3137 simpli-

2405 3156 2582 3234 citer,
2624 3158 2735 3224 sed
2773 3160 3128 3226 secundum
3157 3164 3397 3227 statum
3442 3166 3695 3229 naturae
3730 3162 3937 3246 lapsae‚

2405 3265 2474 3329 in
2500 3283 2630 3349 quo
2655 3265 2851 3331 homo
2876 3266 3078 3331 facilis
3102 3267 3293 3333 estad
3311 3268 3623 3334 desidiam
3648 3274 3711 3335 et
3734 3285 3940 3353 super-

2404 3373 2615 3439 biam:
2637 3374 2781 3440 ideo
2807 3377 2902 3438 est
2926 3374 2986 3439 ei
3007 3374 3182 3439 utilis
3201 3376 3345 3440 talis
3369 3376 3673 3443 stimulus
3696 3382 3940 3462 propter

2405 3480 2922 3547 exercitationem
2965 3481 3047 3547 ad
3088 3483 3530 3567 expellendam
3572 3486 3897 3570 pigritiam
3917 3531 3935 3564 ‚

2404 3590 2472 3653 et
2514 3592 2771 3672 propter
2812 3587 3326 3655 humiliationem
3378 3590 3456 3656 ad
3509 3591 3939 3675 expellendam

2406 3697 2796 3779 superbiam.
2829 3696 3148 3776 Quoniam
3176 3716 3335 3781 ergo
3362 3700 3547 3765 beata
3577 3699 3778 3783 Virgo
3814 3699 3940 3763 erat

2406 3804 2646 3887 repleta
2663 3803 2966 3870 charitate
2991 3809 3055 3871 et
3072 3805 3458 3885 humilitate,
3488 3811 3551 3873 et
3578 3808 3938 3874 confirmata

2407 3912 2478 3976 in
2500 3915 2774 3996 utroque
2790 3932 2808 3993 ;
2831 3912 2973 3979 ideo
2995 3913 3234 3979 fomitis
3251 3914 3513 3981 stimulo
3531 3935 3666 3983 non
3683 3916 3900 3999 egebat
3919 3934 3932 3974 ε

2408 4019 2550 4085 ideo
2572 4037 2702 4085 nou
2727 4023 2824 4086 est
2845 4019 3050 4086 simile
3076 4021 3155 4087 de
3181 4021 3345 4100 aliis,
3369 4025 3435 4089 et
3458 4023 3536 4089 de
3562 4023 3722 4108 ipsa.

3071 4200 3212 4247 DUB.
3256 4200 3327 4247 11.

2843 4331 2905 4383 Et
2930 4329 3095 4384 virtus
3120 4331 3395 4401 Altissimi,
3423 4337 3521 4387 etc.

2491 4464 2817 4545 Quaeritur
2859 4485 2978 4551 pro
3024 4471 3268 4552 quanto
3310 4468 3461 4534 dicit
3506 4488 3659 4537 eum
3705 4462 3937 4533 Altissi-

2410 4593 2618 4654 mum,
2640 4593 2791 4639 cum
2819 4574 3032 4658 potius
3057 4575 3139 4639 sit
3163 4575 3443 4642 nuncius
3468 4576 3704 4642 divinae
3732 4570 3938 4639 humi-

2409 4683 2635 4763 litatis,
2677 4700 2875 4766 quam
2916 4681 3293 4747 altitudinis.
3342 4681 3503 4748 ltem
3536 4682 3842 4768 quaeritur
3865 4675 3936 4742 de

2411 4789 2533 4855 hoc
2549 4788 2723 4873 quod
2744 4788 3118 4871 subjungit:
3154 4787 3559 4857 obumbrabit
3587 4787 3740 4858 tibi.-
3764 4780 3935 4868 ΨΜ*

2411 4915 2555 4966 cum
2582 4897 2749 4963 Deus
2773 4896 2977 4962 Filius
2998 4899 3091 4966 sit
3117 4898 3361 4965 candor
3387 4900 3552 4967 lucis
3582 4905 3855 4972 oetemoe,
3884 4889 3936 4954 ei

2411 5025 2545 5072 non
2590 5004 2891 5088 congruit
2926 5004 3353 5088 obumbrare,
3400 5007 3506 5074 sed
3548 5007 3758 5092 potius
3796 4998 3940 5064 illu-

2412 5113 2692 5179 minare.

2492 5221 2678 5304 Resp.
2699 5220 3048 5287 Dicendum
3064 5220 3236 5305 quod
3249 5239 3365 5305 per
3382 5240 3616 5289 nomen
3634 5206 3939 5286 Altissimi

2385 5321 2393 5330 “
2412 5329 2794 5412 intelligitur
2811 5328 2998 5395 Pater
3015 5347 3133 5415 per
3143 5330 3754 5415 appropriationem:
3776 5314 3928 5386 Patri

2479 5455 2549 5520 (a)
2578 5455 2717 5508 Edit.
2752 5456 2870 5507 Ven.
2895 5456 3031 5506 deest
3053 5458 3188 5507 Non.
