4185 6288
790 402 913 468 586

785 544 882 604 oet
907 540 1290 623 principium
1331 543 1623 608 omnium
1662 542 1938 608 aliorum
1978 542 2322 606 bonorum.

788 647 965 712 Unde
994 648 1145 731 quia
1173 650 1243 718 in
1269 650 1390 715 hac
1416 652 1713 734 opinione
1739 650 2167 714 communiter
2193 649 2324 713 Ma·

788 754 990 834 gister
1029 774 1159 819 non
1198 758 1571 837 sustinetur,
1615 763 1679 822 et
1722 757 1878 822 illud
1919 761 2015 822 est
2053 757 2328 820 verbum

786 879 1004 941 suum,
1036 863 1377 927 auctoritas
1405 863 1514 928 illa
1536 864 1791 928 nullum
1819 864 2013 929 habet
2038 864 2262 928 robur.

865 972 927 1031 2.
960 969 1051 1033 Ad
1077 969 1235 1034 illud
1269 971 1438 1053 quod
1475 971 1793 1054 objicitur,
1824 970 1992 1053 quod
2025 987 2208 1033 amor
2235 973 2331 1034 est

784 1075 1169 1158 principium
1196 1078 1492 1141 omnium
1519 1077 1960 1153 affectionum,
1987 1076 2327 1141 dicendum

783 1182 955 1264 quod
982 1200 1213 1246 verum
1241 1188 1337 1248 est
1361 1184 1440 1251 de
1466 1170 1683 1249 amor-'e
1710 1185 2063 1249 secundum
2091 1186 2328 1247 statum

786 1290 1227 1373 imperfectum
1282 1314 1297 1354 ε
1351 1293 1459 1356 sed
1526 1293 1690 1357 sicut
1733 1310 1916 1357 amor
1971 1292 2326 1356 secundum

783 1399 1326 1481 imperfectionem
1353 1404 1554 1463 status
1581 1405 1675 1464 est
1711 1401 2003 1464 omnium
2045 1399 2323 1463 affectio-

784 1525 946 1570 num
974 1507 1391 1590 principium,
1423 1508 1512 1571 sic
1554 1508 1907 1572 secundum
1944 1526 2131 1573 suam
2181 1526 2323 1590 per-

784 1615 1117 1679 fectionem
1146 1619 1240 1679 est
1266 1616 1556 1680 omnium
1586 1616 1995 1681 affectionum
2011 1606 2328 1681 terminus

783 1721 991 1785 finalis
1035 1727 1098 1786 et
1136 1724 1695 1805 complementum.
1746 1723 1922 1787 Unde
1956 1742 2180 1788 omnes
2226 1723 2328 1786 af-

783 1829 1080 1893 fectiones
1116 1831 1353 1895 animae
1391 1830 1469 1894 ad
1498 1831 1560 1895 id
1596 1830 1973 1895 ordinantur
1994 1879 2012 1910 ,
2045 1836 2121 1895 ut
2160 1830 2328 1894 Deus

783 1941 1037 2001 ametur
1064 1938 1333 2021 perfecte
1361 1961 1376 2002 ι
1408 1938 1682 2001 charitas
1711 1943 1925 2002 autem
1957 1957 2087 2002 non
2116 1939 2328 2001 nomi-

782 2048 893 2106 nat
929 2045 1468 2127 qualemcumque
1520 2062 1841 2119 amorem,
1891 2045 2001 2107 sed
2040 2062 2325 2108 amorem

781 2151 1182 2234 praecipuum
1212 2173 1226 2214 ε
1259 2156 1324 2215 et
1366 2152 1507 2215 ideo
1533 2169 1615 2215 ex
1643 2152 1765 2216 hoc
1796 2169 1926 2215 non
1949 2156 2153 2234 potest
2181 2171 2328 2217 con·

783 2256 946 2322 cludi
963 2305 984 2336 ‚
1037 2259 1206 2340 quod
1249 2258 1522 2322 charitas
1566 2259 1920 2323 secundum
1966 2260 2325 2323 naturalem

782 2364 1071 2428 ordinem
1099 2366 1414 2447 praecedat
1437 2365 1640 2447 ipsam
1670 2384 1873 2448 spem.

864 2477 924 2535 3.
962 2472 1058 2537 Ad
1099 2472 1254 2537 illud
1306 2475 1475 2554 quod
1521 2474 1844 2557 objicitur,
1893 2473 2067 2557 quod
2109 2472 2327 2537 nullus

782 2584 990 2662 sperat
1032 2580 1159 2644 nisi
1190 2581 1359 2662 quod
1395 2585 1596 2658 amat,
1630 2581 1970 2645 dicendum
2013 2582 2183 2663 quod
2215 2600 2325 2646 ve-

782 2705 932 2751 rum
967 2690 1110 2765 est3
1142 2689 1250 2751 sed
1291 2692 1505 2752 tamen
1553 2707 1634 2753 ex
1673 2688 1796 2752 hoc
1835 2706 1969 2753 non
2011 2690 2322 2772 wqustur,

781 2794 952 2877 quod
977 2813 1121 2877 spes
1145 2795 1517 2860 charitatem
1545 2801 1879 2879 sequatur,
1905 2815 2024 2880 pro
2049 2816 2128 2861 eo
2154 2797 2324 2880 quod

780 2901 1056 2966 charitas
1092 2902 1283 2967 talem
1331 2902 1503 2967 addit
1547 2904 2086 2969 circumstantiam
2134 2924 2327 2987 super

781 3029 1090 3088 amorem,
1119 3029 1269 3094 quae
1296 3011 1652 3075 necessario
1672 3012 2084 3094 subsequitur
2110 3017 2324 3077 actum

781 3118 1097 3200 sperandi,
1140 3122 1202 3184 et
1246 3121 1389 3201 ejus
1423 3118 1906 3197 rectitudinem,
1939 3118 2102 3183 sicut
2150 3119 2326 3201 prius

782 3229 1022 3290 tactum
1080 3231 1199 3290 est.
1256 3227 1413 3290 Cum
1473 3226 1646 3290 enim
1693 3226 1929 3309 duplex
1988 3227 2072 3290 sit
2117 3232 2329 3291 motus

782 3324 1022 3387 amoris
1049 3325 1371 3389 charitatis
1390 3374 1408 3405 ,
1438 3325 1733 3390 videlicet
1775 3343 1957 3389 amor
2000 3326 2321 3406 amicitiae,

780 3434 845 3492 et
902 3446 1086 3492 amor
1152 3430 1682 3512 concupiscentiae
1704 3478 1722 3507 ‚
1779 3429 2053 3494 charitas
2108 3449 2326 3494 amore

781 3537 1307 3620 concupiscentiae
1350 3538 1658 3602 desiderat
1701 3537 1905 3602 Deum
1950 3556 2145 3621 super
2188 3557 2327 3603 om—

781 3645 923 3723 nia3
970 3663 1187 3710 amore
1241 3664 1394 3710 vero
1432 3645 1733 3710 amicitiae
1779 3645 2074 3710 similiter
2117 3646 2327 3728 diligit

780 3753 983 3816 Deum
1029 3756 1286 3834 propter
1341 3771 1444 3831 se,
1492 3757 1557 3816 et
1612 3769 1807 3833 super
1848 3753 2086 3816 omnia.
2147 3752 2324 3818 Unde

782 3858 983 3923 Deum
1011 3858 1398 3940 concupiscit
1422 3858 1567 3942 plus
1593 3876 1793 3940 quam
1832 3858 2003 3922 aliud
2040 3860 2319 3940 bonum3

780 3965 907 4030 Deo
933 3966 1127 4030 etiam
1169 3966 1408 4031 bonum
1445 3970 1622 4048 optat
1655 3966 1802 4048 plus
1838 3984 2031 4048 quam
2083 3968 2326 4034 habens

779 4075 1156 4140 charitatem
1185 4079 1357 4157 optet
1380 4075 1502 4139 sibi
1529 4075 1674 4157 ipsi.
1702 4074 1903 4139 Amor
1929 4080 2147 4141 autem
2177 4095 2324 4141 con-

780 4186 1186 4269 cupiscentiae
1228 4186 1384 4251 adeo
1432 4188 1721 4251 intensus
1747 4204 1886 4251 esse
1925 4207 2057 4252 non
2095 4193 2319 4271 potest,

780 4292 903 4356 nisi
949 4293 1344 4375 praeambula
1382 4294 1841 4376 expectatione.
1875 4294 2180 4359 Similiter
2204 4316 2324 4362 nec

777 4418 960 4465 amor
1007 4401 1306 4465 amicitiae
1350 4406 1557 4484 potest
1601 4401 1758 4466 adeo
1810 4419 1948 4465 esse
1993 4402 2279 4469 elevatus
2301 4454 2318 4485 ,

778 4509 901 4571 nisi
927 4509 1243 4591 praecedat
1268 4509 1649 4573 confidentia
1686 4528 1704 4574 z
1736 4508 1957 4574 nullus
1982 4511 2155 4574 enim
2185 4513 2324 4576 vult

775 4616 922 4698 plus
961 4617 1205 4681 bonum
1248 4615 1390 4695 alii,
1432 4634 1629 4698 quam
1660 4616 1812 4697 sibi,
1860 4617 1984 4681 nisi
2028 4619 2098 4681 in
2137 4619 2320 4684 illum

776 4723 1053 4788 totaliter
1078 4724 1374 4788 confidat.
1406 4721 1636 4787 Nullus
1674 4725 1869 4788 etiam
1910 4726 2167 4810 aliquod
2205 4728 2322 4792 bo-

776 4850 937 4896 num
964 4849 1157 4914 super
1180 4832 1398 4895 omnia
1424 4832 1832 4915 concupiscit,
1863 4834 1986 4897 nisi
2008 4834 2121 4917 qui
2150 4853 2216 4899 se
2239 4836 2320 4900 ad

775 4939 935 5005 illud
961 4939 1303 5021 aliquando
1328 4945 1795 5022 perventurum
1823 4943 2173 5025 praesumit.

857 5052 919 5112 4.
972 5047 1071 5111 Ad
1115 5046 1275 5112 illud
1317 5048 1488 5130 quod
1533 5049 1854 5129 objicitur,
1905 5051 2074 5131 quod
2125 5050 2320 5114 timor

776 5156 1186 5239 consequitur
1208 5173 1517 5235 amorem,
1549 5175 1708 5239 ergo
1735 5163 1799 5220 et
1823 5176 1994 5239 spes,
2025 5158 2319 5223 similiter

776 5262 1291 5342 respondendum
1330 5269 1446 5344 est,
1494 5265 1661 5331 sicut
1702 5266 1942 5330 dictum
1981 5270 2101 5346 est,
2145 5269 2318 5351 quod

777 5367 926 5435 licet
951 5367 1090 5433 haec
1114 5370 1360 5435 affectio
1388 5373 1703 5457 praecedat
1732 5372 1928 5454 illam,
1961 5377 2179 5439 tamen
2202 5376 2317 5441 ha-

1907 400 2535 469 SENTENTIARUM
2574 401 2727 468 mn.
2770 402 2878 468 111.

2436 538 2611 603 bitus
2655 539 2772 603 iste
2837 538 2908 604 in
2948 541 3422 624 comparatione
3466 543 3550 608 ad
3592 548 3817 609 actum
3857 565 3981 610 non

2434 646 2730 729 praecedit
2769 647 2988 725 istum,
3019 652 3279 731 propter
3301 650 3703 733 praecipuam
3747 655 3980 736 perfec-

2435 753 2676 817 tionem
2692 800 2713 831 ,
2767 771 2963 835 quam
3010 754 3286 819 charitas
3330 755 3513 838 ponit
3563 757 3734 822 eirea
3775 765 3984 825 actum

2435 860 2767 941 diligendi.
2791 859 3127 946 Praeterea,
3155 880 3304 926 cum
3331 863 3566 928 dicitur
3593 867 3775 948 quod
3801 869 3986 933 timor

2435 969 2727 1051 sequitur
2749 967 2827 1033 ad
2859 987 3169 1046 amorem,
3197 970 3320 1034 hoc
3345 989 3475 1034 non
3497 973 3894 1054 intelligitur
3917 976 3986 1040 de

2435 1075 2717 1158 quolibet
2775 1093 2993 1140 amore
3011 1125 3028 1155 ,
3093 1077 3204 1140 sed
3259 1078 3338 1142 de
3385 1097 3606 1144 amore
3667 1083 3796 1146 sui.
3849 1083 3988 1148 ldeo

2435 1183 2610 1247 enim
2679 1184 2825 1265 quis
2886 1184 3073 1255 timet
3126 1202 3383 1267 poenam
3407 1235 3426 1265 ,
3490 1188 3650 1268 quia
3703 1190 3986 1271 seipsum

2434 1295 2608 1353 amat
2637 1312 2653 1354 ε
2696 1291 2971 1355 charitas
2996 1295 3214 1357 autem
3244 1311 3378 1357 non
3428 1294 3580 1359 dicit
3619 1296 3989 1380 principali-

2434 1404 2531 1463 ter
2557 1418 2845 1465 amorem
2870 1403 2972 1465 sui
2991 1450 3009 1480 ‚
3039 1403 3149 1467 sed
3174 1422 3464 1470 amorem
3494 1405 3630 1470 Dei.
3671 1406 3754 1470 Et
3803 1428 3984 1492 prop-

2434 1509 2607 1569 terea
2666 1524 2798 1570 non
2842 1508 3134 1589 sequitur
3191 1508 3367 1590 quod
3431 1513 3614 1574 actus
3671 1510 3988 1577 charitatis

2434 1612 2751 1694 praecedat
2794 1615 3008 1677 actum
3036 1614 3286 1678 timoris
3317 1633 3335 1677 ε
3372 1633 3492 1680 nec
3519 1634 3606 1679 ex
3636 1616 3766 1681 hoc
3796 1626 3988 1700 potest

2434 1719 2726 1784 concludi
2747 1768 2766 1799 ,
2815 1720 2983 1802 quod
3042 1721 3337 1785 similiter
3397 1723 3724 1805 praecedat
3781 1731 3985 1791 actum

2434 1846 2595 1911 spei.

2516 1939 2576 1998 5.
2612 1936 2712 1999 Ad
2740 1935 2899 2001 illud
2922 1935 3091 2018 quod
3121 1935 3438 2018 objicitur,
3465 1939 3647 2020 quod
3674 1940 3859 2022 prius
3875 1947 3979 2020 est,

2433 2059 2473 2104 a
2499 2059 2630 2123 quo
2654 2059 2785 2105 non
2821 2041 3218 2106 convertitur
3247 2047 3749 2126 consequentia,
3779 2047 3984 2112 dicen-

2431 2149 2589 2211 dum
2618 2148 2791 2230 quod
2831 2149 2985 2213 illud
3014 2149 3203 2214 habet
3238 2149 3578 2216 veritatem
3609 2154 3681 2217 in
3709 2155 3817 2220 his
3843 2177 3980 2240 que

2433 2255 2848 2320 essentialiter
2893 2262 3373 2339 consequuntur
3416 2259 3498 2323 ad
3547 2279 3620 2324 se
3667 2261 3980 2342 invicem3

2433 2365 2505 2428 in
2539 2363 2641 2427 his
2681 2369 2899 2429 autem
2936 2383 3084 2447 quae
3127 2384 3194 2429 se
3232 2367 3512 2432 invicem
3549 2373 3983 2437 concomitan-

2432 2476 2562 2550 tur,
2588 2488 2721 2534 non
2754 2471 2946 2535 habet
2969 2472 3327 2537 veritatem.
3359 2474 3436 2539 Et
3459 2475 3584 2540 hoc
3611 2482 3816 2559 patet,
3846 2481 3987 2563 quia

2432 2579 2758 2660 sequitur,
2812 2580 2866 2641 si
2912 2584 3003 2643 est
3050 2581 3196 2659 nix,
3243 2581 3418 2663 quod
3456 2582 3540 2647 sit
3584 2584 3840 2664 album,
3887 2588 3984 2653 sed

2433 2702 2565 2749 non
2592 2686 2989 2750 convertitur
3022 2708 3037 2749 ε
3071 2691 3135 2750 et
3157 2691 3375 2751 tamen
3400 2688 3630 2754 albedo
3659 2693 3840 2757 nivis
3865 2713 3986 2758 non

2435 2794 2734 2876 praecedit
2759 2794 2962 2877 ipsam
2993 2795 3163 2859 nivis
3190 2796 3640 2862 substantiam.
3672 2799 3986 2876 Quoniam

2433 2919 2593 2981 ergo
2620 2920 2875 2984 sperare
2901 2907 2965 2967 et
2990 2922 3204 2967 amare
3232 2908 3387 2968 sunt
3407 2910 3588 2969 actus
3613 2925 3682 2971 se
3717 2908 3983 2973 invicem

2433 3011 2965 3089 concomitantes;
3003 3010 3166 3090 ideo,
3193 3013 3491 3094 quamvis
3518 3018 3707 3078 actus
3734 3018 3981 3082 amandi

2432 3135 2501 3180 se
2527 3117 2825 3181 extendat
2851 3117 2930 3181 ad
2964 3117 3150 3200 plura
3174 3118 3545 3200 diligibilia,
3578 3138 3716 3185 non
3746 3130 3985 3205 oportet

2431 3225 2606 3305 quod
2646 3226 2727 3287 sit
2768 3225 2947 3306 prius
2977 3224 3333 3288 secundum
3371 3226 3667 3291 ordinem
3712 3235 3980 3295 naturae.

2437 3331 2771 3411 Praeterea,
2805 3334 3102 3415 quamvis
3127 3332 3401 3397 charitas
3444 3337 3817 3415 generalior
3848 3340 3984 3402 sita

2433 3447 2612 3522 parte
2653 3441 2916 3523 objecti,
2961 3445 3177 3505 tamen
3216 3459 3360 3523 spes
3403 3443 3775 3521 generalior
3811 3450 3876 3508 et
3919 3447 3982 3508 in

2433 3552 2579 3633 plus
2603 3554 2699 3613 est
2724 3568 2762 3614 a
2789 3556 2968 3633 parte
2994 3550 3287 3633 subjecti.
3306 3548 3531 3614 Omnis
3549 3552 3731 3615 enim
3754 3553 3978 3630 viator,

2433 3659 2547 3740 qui
2573 3658 2765 3721 habet
2791 3658 3165 3722 charitatem
3186 3705 3206 3736 ‚
3237 3657 3431 3722 habet
3455 3676 3679 3740 spem3
3717 3659 3828 3723 sed
3856 3678 3980 3723 non

2433 3765 2843 3844 convertitur,
2877 3766 3032 3847 quia
3057 3782 3200 3847 spes
3224 3746 3431 3847 potest
3473 3783 3609 3828 esse
3648 3766 3724 3828 in
3763 3785 3981 3849 peom-

2432 3877 2568 3935 tore
2598 3889 2612 3931 :
2645 3876 2707 3935 et
2731 3871 2873 3935 ideo
2899 3874 3078 3935 actus
3104 3871 3238 3954 spei
3262 3870 3514 3952 origine
3541 3873 3848 3953 praecedit
3874 3892 3982 3937 ac-

2430 3981 2571 4042 tum
2599 3978 2720 4041 cha
2728 3978 2923 4042 ritatis
2947 3983 3236 4061 respectu
3263 3978 3554 4060 subjecti,
3585 3998 3626 4043 a
3651 3998 3789 4062 quo
3815 3987 3982 4045 uter-

2430 4104 2557 4167 que
2584 4090 2764 4148 actus
2790 4085 2988 4149 sumit
3016 4085 3336 4166 originem
3370 4106 3386 4149 :
3418 4090 3484 4150 et
3508 4085 3602 4150 sic
3637 4087 3804 4152 ratio
3853 4108 3981 4153 non

2430 4191 2621 4256 valet.

2509 4304 2573 4363 6.
2621 4298 2720 4362 Ad
2764 4297 2919 4362 illud
2976 4297 3150 4380 quod
3194 4297 3495 4379 objicitur
3552 4299 3631 4364 de
3679 4300 3978 4379 domim,

2429 4406 2601 4489 quod
2626 4405 2900 4488 perfecta
2936 4403 3137 4467 tentio
3174 4406 3467 4487 sequitur
3505 4408 3856 4489 perfectam
3884 4410 3977 4474 di-

2428 4513 2764 4577 lectionem
2787 4559 2804 4587 ,
2833 4510 3175 4576 dicendum
3203 4512 3375 4595 quod
3401 4512 3560 4577 illud
3587 4531 3722 4577 non
3744 4521 3843 4579 est
3870 4534 3972 4579 us-

2430 4638 2814 4703 quequaque
2853 4619 3093 4698 simile,
3138 4623 3395 4702 propter
3432 4619 3556 4684 hoc
3595 4621 3775 4703 quod
3805 4622 3980 4686 dotoe

2429 4728 2499 4791 in
2537 4730 2739 4811 patria
2775 4732 2967 4792 erunt
3008 4725 3275 4809 aequalis
3309 4727 3753 4809 perfectionis;
3779 4730 3852 4793 in
3878 4732 3980 4794 via

2428 4841 2643 4901 autem
2668 4836 2940 4900 charitas
2968 4835 3232 4919 majoris
3255 4836 3656 4920 perfectionis
3681 4842 3747 4902 et
3772 4838 3977 4920 digni

2428 4945 2574 5008 tatis
2615 4949 2730 5023 est,
2770 4946 3089 5026 quantum
3135 4948 3232 5007 est
3275 4943 3354 5007 de
3398 4943 3646 5007 ratione
3693 4945 3974 5020 virtmis,

2428 5071 2626 5136 quam
2672 5053 2753 5116 sit
2799 5053 2940 5135 ipsa
2985 5070 3129 5134 spes
3185 5073 3201 5114 z
3252 5055 3315 5115 et
3360 5051 3504 5116 ideo
3554 5071 3691 5118 non
3735 5059 3977 5136 oportet

2427 5161 2600 5244 quod
2640 5161 2694 5223 si
2732 5160 2799 5223 in
2824 5161 2932 5224 via
2957 5159 3309 5243 expectatio
3349 5162 3655 5244 praecedit
3695 5163 3968 5228 dilectio·

2427 5287 2580 5333 nem
2605 5268 3017 5351 praecipuam,
3039 5268 3212 5351 quod
3239 5273 3500 5352 propter
3525 5271 3654 5337 hoc
3679 5273 3753 5337 in
3776 5273 3972 5356 patria

2427 5378 2627 5449 tentio
2707 5378 3022 5463 praecedat
3111 5377 3515 5445 dilectionem
3605 5383 3962 5465 perfectam.
