4185 6288
1398 529 1591 597 DIST.
1634 530 1819 596 xvn.
1868 529 2050 596 ΛΒΤ.
2098 531 2177 596 11.
2224 531 2520 611 QUAEST.
2567 536 2614 601 1.

3477 541 3593 605 37⁷

430 659 565 724 ficis
594 682 610 725 t
636 661 806 726 unde
825 662 1079 727 sicutad
1094 662 1292 746 ipsius
1304 663 1583 730 officium
1601 664 1956 749 pertinebat
2064 667 2527 734 humanitatem
2554 670 2763 737 minor
2787 675 2881 737 est
2905 670 3116 750 Patre,
3139 674 3332 756 juxta
3356 670 3514 739 illud
3532 673 3588 736 ⁸:

427 769 801 835 sacrificium
842 770 1070 836 offerre
1108 791 1225 856 pro
1259 776 1526 856 peccatis
1546 823 1564 854 ‚
1600 775 1691 839 ita
1728 778 1792 840 et
1835 793 1952 859 pro

425 877 855 958 peccatoribus
896 896 1183 944 exorare.
1232 878 1410 945 Unde
1444 881 1533 947 ad
1561 881 1850 948 Hebroeos
1877 886 1895 921 ¹
1928 904 1952 948 .·

427 982 649 1050 Omnis
679 988 982 1067 pontifex
1023 986 1102 1052 ab
1145 988 1509 1056 hominibus
1558 996 1949 1072 assumptus,

415 1107 534 1172 pro
556 1091 919 1160 hominibus
945 1096 1357 1162 constituitur
1381 1098 1457 1162 in
1483 1096 1611 1177 his,
1630 1113 1772 1180 quoe
1796 1105 1951 1165 sunt

419 1196 509 1262 ad
534 1199 755 1263 Deum
785 1198 866 1263 Et
888 1199 911 1233 ⁸
942 1220 958 1263 ε
1001 1199 1176 1266 Talis
1203 1201 1456 1269 decebat
1484 1207 1556 1269 ut
1580 1211 1742 1269 esset
1768 1204 1949 1270 nobis

412 1306 735 1386 pontifex,
781 1313 1042 1374 sanctus
1076 1314 1139 1375 et
1186 1310 1487 1376 innocens
1502 1356 1522 1387 ,
1552 1309 1943 1392 impollutus,

414 1416 779 1494 scorcqatus
806 1431 850 1480 a
870 1414 1326 1496 peccatoribus,
1352 1423 1414 1484 et
1442 1417 1747 1484 excelsior
1772 1417 1945 1484 coelis

416 1518 642 1598 factus.
680 1519 790 1584 His
818 1539 975 1603 ergo
996 1522 1074 1586 de
1101 1523 1307 1588 causis
1343 1541 1701 1606 congruum
1734 1524 1947 1590 mitet

411 1623 641 1690 decens
685 1646 881 1692 usum
913 1629 1213 1694 orationis
1256 1630 1324 1694 in
1365 1630 1606 1696 Christo
1639 1631 1936 1714 reperiri:

409 1732 583 1797 unde
607 1737 673 1799 et
684 1735 961 1800 rationes
986 1736 1063 1801 ad
1092 1737 1214 1801 hoc
1244 1737 1521 1804 inductae
1542 1743 1696 1802 sunt
1720 1757 1939 1805 conce-

406 1837 656 1905 dendae.

493 1951 550 2010 1.
598 1946 695 2012 Ad
740 1948 896 2014 illud
929 1950 1100 2033 quod
1141 1949 1444 2034 objicitur
1460 1999 1481 2029 ,
1528 1951 1699 2034 quod
1751 1939 1941 2018 nemo

406 2050 563 2134 petit
587 2052 669 2117 ab
697 2053 841 2135 alio,
869 2056 924 2119 si
952 2057 1149 2140 possit
1177 2057 1241 2122 id
1268 2057 1531 2140 implere
1559 2059 1731 2142 quod
1758 2060 1937 2143 petit,

406 2157 744 2224 dicendum
786 2161 958 2244 quod
990 2162 1146 2228 illud
1185 2182 1414 2230 verum
1445 2171 1539 2230 aet
1589 2167 1940 2231 secundum

407 2270 581 2353 quod
606 2270 826 2353 petitio
851 2277 915 2337 et
940 2273 1226 2357 impletio
1256 2276 1694 2342 attribuuntur
1731 2277 1937 2342 eidem

406 2377 652 2442 ratione
680 2380 964 2460 ejusdem
1001 2385 1249 2447 naturae
1282 2402 1300 2446 z
1330 2383 1420 2447 sic
1445 2388 1663 2449 autem
1693 2403 1826 2449 non
1846 2388 1942 2449 oet

406 2482 477 2546 ln
515 2485 832 2567 proposito
862 2508 878 2551 ε
909 2505 1061 2552 nam
1090 2493 1302 2570 petere
1330 2495 1392 2554 et
1416 2507 1598 2554 orare
1639 2491 1941 2572 competit

408 2589 656 2655 Christo
682 2592 1035 2657 secundum
1060 2599 1354 2659 naturam
1367 2600 1757 2680 assumptam
1779 2618 1797 2675 ;
1830 2596 1938 2661 sed

408 2717 589 2783 posse
614 2700 879 2783 implere
900 2701 1163 2768 debetur
1177 2703 1233 2768 ei
1258 2706 1612 2770 secundum
1638 2710 1938 2770 naturam

406 2812 856 2874 assumentem.
902 2810 1005 2875 Vel
1041 2812 1222 2877 aliter
1260 2816 1464 2895 potest
1488 2812 1634 2890 dici,
1665 2812 1836 2895 quod
1861 2812 1939 2875 si-

408 2920 516 2979 cut
540 2918 755 2980 motus
770 2916 1107 2998 aliquando
1133 2923 1225 2982 est
1247 2922 1504 3002 propter
1520 2918 1938 3001 supplendam

406 3023 826 3104 indigentiam
880 3025 1204 3107 propriam
1234 3073 1250 3102 ‚
1298 3025 1641 3109 aliquando
1681 3031 1940 3109 propter

406 3129 824 3213 supplendam
849 3129 1271 3213 indigentiam
1298 3132 1599 3212 alienam3
1630 3132 1720 3197 sic
1745 3136 1807 3197 et
1833 3151 1940 3215 pe·

405 3238 542 3303 titio
570 3242 634 3303 et
672 3240 895 3304 oratic.
942 3239 1101 3304 Cum
1148 3242 1321 3306 enim
1365 3241 1599 3324 aliquis
1619 3244 1760 3305 orat
1782 3258 1937 3323 pro-

407 3349 545 3428 pter
570 3346 893 3429 propriam
918 3346 1338 3429 indigentiam
1363 3348 1805 3432 supplendam,
1835 3367 1938 3413 ve-

406 3464 552 3512 rum
574 3449 855 3531 estquod
877 3448 1027 3513 dicit
1041 3449 1443 3531 Augustinus
1469 3473 1484 3515 :
1516 3475 1546 3511 «ι
1563 3449 1763 3515 Nemo
1784 3451 1940 3533 petit

407 3554 487 3618 ab
513 3555 637 3619 alio
654 3556 819 3637 quod
842 3555 975 3638 ipse
992 3560 1197 3638 potest
1212 3575 1326 3640 per
1344 3576 1411 3622 se
1430 3557 1715 3640 implere.
1737 3556 1936 3623 »Cum

405 3664 620 3726 autem
666 3661 822 3746 petit
871 3666 1127 3746 propter
1177 3663 1597 3748 supplendam
1639 3664 1939 3746 indigen-

404 3767 560 3832 tiam
586 3767 859 3832 alienam
877 3817 897 3847 ,
938 3788 1069 3834 non
1110 3770 1458 3853 requiritur
1499 3770 1775 3836 defectus
1816 3790 1936 3854 po-

403 3874 644 3937 testatis
691 3874 759 3938 in
800 3879 1049 3958 petente
1066 3924 1085 3955 ‚
1134 3875 1242 3941 sed
1292 3876 1568 3942 defectus
1617 3877 1937 3959 potestatis

401 3983 517 4045 aut
551 3979 905 4045 idoneitatis
945 3982 1014 4045 in
1063 4000 1139 4046 eo
1181 4000 1297 4066 pro
1332 4001 1463 4065 quo
1488 3982 1725 4065 petitur
1767 4004 1782 4045 ι
1821 3982 1932 4065 qui

400 4088 659 4171 quidem
698 4087 975 4153 defectus
1014 4090 1348 4173 suppletur
1375 4108 1457 4154 ex
1484 4089 1711 4155 merito
1733 4090 1934 4173 ipsius

399 4194 722 4259 orationis.
755 4194 914 4260 Cum
941 4198 1113 4260 enim
1132 4196 1364 4279 aliquis
1390 4196 1626 4278 dignus
1652 4199 1787 4260 orat
1814 4215 1932 4279 pro

400 4301 692 4384 indigno,
718 4302 993 4384 quodam
1019 4303 1209 4368 modo
1234 4302 1504 4386 acquirit
1525 4302 1929 4368 idoneitatem

400 4425 482 4473 ex
512 4426 648 4473 suae
674 4409 978 4472 orationis
1005 4409 1257 4474 merito.

478 4520 539 4579 Ξ.
591 4513 689 4578 Ad
726 4514 885 4580 illud
920 4517 1090 4597 quod
1124 4515 1439 4598 ,objicitur
1457 4563 1476 4594 ‚
1521 4515 1694 4597 quod
1729 4517 1930 4583 oratio

398 4627 489 4689 est
517 4627 696 4688 actus
723 4641 1010 4706 personae
1037 4623 1373 4702 inferioris,
1396 4623 1739 4688 dicendum
1756 4626 1929 4707 quod

397 4730 518 4796 hoc
560 4748 790 4811 verum
830 4733 925 4795 est
944 4779 963 4810 ‚
1014 4730 1415 4795 attribuendo
1451 4730 1927 4797 inferioritatem

397 4856 682 4923 personae
733 4838 1084 4903 secundum
1122 4841 1418 4903 naturam
1458 4856 1600 4903 eam
1622 4886 1640 4915 ‚
1693 4857 1925 4904 secun-

399 4945 552 5010 dum
579 4963 779 5029 quam
805 4943 1105 5026 competit
1143 4944 1204 5007 ei
1241 4944 1443 5009 oratio
1475 4968 1491 5009 t
1523 4946 1723 5011 oratio
1753 4947 1927 5011 enim

396 5056 490 5118 θεῖ
526 5057 706 5117 actus
740 5050 1123 5117 conveniens
1148 5068 1436 5135 personae
1460 5053 1703 5118 ratione
1729 5057 1925 5118 natu-

396 5177 505 5228 rae.
558 5158 640 5225 Et
681 5159 771 5224 sic
808 5176 940 5225 non
980 5158 1170 5223 habet
1207 5158 1568 5224 instantiam
1597 5161 1666 5225 in
1692 5178 1924 5246 propo-

395 5266 512 5332 sito
527 5314 551 5346 ,
578 5266 736 5349 quia
773 5265 1072 5348 quamvis
1108 5282 1379 5347 persona
1409 5265 1638 5332 Christi
1679 5268 1926 5333 ratione

395 5375 738 5443 divinitatis
763 5374 845 5440 sit
860 5372 1126 5459 aequalis
1138 5373 1329 5454 Patri,
1343 5374 1695 5441 secundum
1709 5379 1923 5441 tamen

454 5503 473 5540 ¹
499 5500 673 5566 Heba,
693 5513 747 5566 v,
774 5504 901 5555 1.-
919 5500 942 5536 ⁸
964 5499 1115 5564 thia..
1143 5511 1245 5565 vn,
1267 5501 1635 5566 2⁶.—⁸Joan.,
1664 5513 1770 5567 m,
1795 5504 1873 5554 28.

2064 774 2257 842 Pater
2282 776 2491 858 maior
2512 792 2609 845 mc
2633 785 2748 847 cst.

2144 886 2202 947 3.
2244 883 2342 948 Ad
2382 884 2542 953 illud
2588 887 2758 968 quod
2806 887 3142 971 objicitur,
3180 886 3352 970 quod
3396 886 3598 952 oratio

2061 992 2158 1054 est
2187 1007 2484 1055 ascensus
2522 990 2872 1058 intellectus
2911 992 2979 1056 in
3019 991 3220 1058 Deum
3246 992 3599 1057 secundum

2061 1095 2544 1176 Damascenum‚
2575 1098 2911 1164 dicendum
2939 1099 3107 1182 quod
3150 1115 3447 1164 ascensus
3482 1115 3596 1181 po-

2060 1206 2178 1268 test
2219 1204 2341 1269 dici
2376 1205 2597 1286 large,
2631 1206 2733 1271 vel
2763 1207 2999 1271 stricte.
3030 1204 3397 1272 Secundum
3421 1204 3594 1288 quod

2057 1312 2235 1393 large
2260 1313 2514 1392 dicitur,
2533 1313 2622 1379 sic
2637 1318 2840 1397 potest
2857 1314 2982 1379 dici
3003 1313 3355 1379 intellectus
3379 1331 3594 1378 ascen-

2055 1421 2249 1486 dere
2230 1441 2302 1486 ιιι
2329 1421 2565 1502 Deum,
2608 1424 2867 1506 quando
2892 1424 3096 1490 fertur
3135 1423 3205 1487 in
3246 1441 3434 1503 eum,
3478 1423 3589 1506 qui

2053 1545 2249 1611 supra
2278 1546 2344 1594 se
2362 1533 2477 1608 est,
2506 1534 2619 1594 aut
2646 1528 3043 1613 implorando
3065 1529 3585 1611 misericordiam,

2053 1652 2202 1717 quae
2229 1638 2324 1699 est
2348 1654 2543 1717 supra
2567 1654 2668 1713 se,
2712 1640 2825 1700 aut
2862 1635 3200 1700 revelando
3243 1635 3587 1713 miseriam,

2052 1757 2199 1822 quae
2226 1745 2320 1805 est
2360 1740 2526 1804 infra
2565 1759 2632 1806 se
2662 1759 2679 1805 t
2718 1744 2781 1806 et
2822 1740 2946 1806 hoc
2990 1740 3179 1805 modo
3225 1741 3591 1824 accipiendo

2051 1862 2185 1910 non
2226 1850 2479 1911 tantum
2519 1848 2823 1930 competit
2859 1848 3042 1913 nobis
3064 1896 3082 1925 ,
3113 1866 3342 1914 verum
3397 1848 3589 1913 etiam

2051 1951 2320 2030 Christo,
2354 1953 2532 2019 etsie
2567 1954 2733 2019 cadit
2762 1952 2831 2018 in
2858 1954 3235 2020 diffinitione
3264 1955 3584 2020 orationis.

2050 2059 2195 2125 Alio
2237 2061 2428 2126 modo
2466 2078 2762 2126 ascensus
2805 2060 2875 2125 in
2921 2060 3126 2127 Deum
3170 2060 3321 2125 dicit
3348 2079 3587 2126 novam

2051 2167 2162 2231 Dei
2201 2168 2762 2233 considerationem
2781 2214 2799 2243 ‚
2850 2172 3044 2251 prout
3085 2167 3236 2233 dicit
3288 2166 3588 2232 elevatio-

2050 2291 2201 2337 nem
2245 2273 2598 2338 intellectus
2635 2272 2834 2337 nostri
2867 2271 2948 2337 ad
2974 2272 3199 2352 Deum,
3230 2271 3579 2355 proceden-

2048 2383 2181 2444 tem
2206 2379 2527 2461 gradatim
2553 2398 2593 2443 a
2617 2378 3116 2445 consideratione
3158 2380 3468 2444 creaturae
3506 2378 3587 2444 ad

2049 2485 2616 2551 considerationem
2637 2485 2967 2550 CreatoriS.
2998 2485 3078 2550 Et
3102 2486 3223 2550 hoc
3248 2486 3437 2550 modo
3455 2503 3587 2550 non

2049 2593 2212 2657 cadit
2238 2592 2306 2655 in
2335 2591 2828 2656 notificationem
2850 2591 3172 2670 orationis,
3201 2591 3326 2655 nisi
3357 2609 3585 2656 secun-

2046 2699 2205 2764 dum
2230 2703 2467 2764 statum
2485 2698 2768 2762 viatoris.
2789 2697 3007 2762 Primo
3019 2698 3209 2763 modo
3223 2697 3590 2781 accipiendo

2047 2820 2375 2871 ascensum
2397 2850 2420 2882 ,
2469 2804 2591 2869 tuit
2632 2803 2705 2867 in
2749 2803 3028 2881 Christ03
3088 2803 3366 2868 secundo
3430 2823 3586 2870 vero

2047 2913 2239 2978 modo
2292 2911 2657 2995 accipiendo
2677 2960 2695 2990 ‚
2754 2912 3031 2995 quodam
3079 2912 3269 2976 modo
3311 2912 3434 2977 fuit
3457 2959 3476 2989 ,
3521 2915 3587 2977 et

2047 3019 2326 3103 quodam
2363 3020 2553 3084 modo
2587 3036 2719 3082 non
2743 3019 2866 3082 fuit
2894 3036 2912 3082 ι
2943 3018 3068 3083 fuit
3090 3017 3350 3101 quidem
3376 3036 3583 3102 quan·

2046 3131 2189 3192 tum
2214 3125 2292 3191 ad
2323 3125 2463 3206 hoc,
2497 3123 2666 3208 quod
2691 3123 2976 3189 Christus
3014 3124 3083 3191 in
3110 3129 3255 3193 actu
3279 3125 3585 3191 orationis

2047 3251 2116 3297 se
2141 3234 2478 3299 revocabat
2499 3232 2581 3296 ab
2607 3232 3019 3314 occupatione
3056 3232 3208 3298 vitae
3234 3233 3480 3312 activae,
3512 3236 3585 3298 ut

2048 3346 2219 3406 totus
2245 3346 2405 3405 esset
2429 3342 2710 3405 intentus
2735 3339 3086 3423 operationi
3118 3340 3268 3405 vitae
3296 3343 3584 3406 contem-

2045 3447 2336 3531 plativae3
2364 3452 2680 3531 quantum
2708 3452 2925 3512 autem
2951 3447 3031 3511 ad
3049 3446 3192 3526 hoc,
3211 3447 3381 3529 quod
3399 3446 3584 3511 Chri-

2044 3558 2181 3618 stus
2203 3559 2338 3619 erat
2363 3555 2665 3619 continue
2691 3554 3202 3636 comprehensor,
3232 3553 3365 3618 sive
3391 3570 3581 3618 vaca-

2044 3664 2142 3725 ret
2166 3661 2433 3739 actioni,
2475 3661 2612 3725 sive
2637 3665 2905 3725 cessaret
2929 3660 3011 3725 ab
3037 3659 3302 3737 actione,
3328 3659 3418 3723 sic
3447 3677 3583 3724 non

2045 3765 2277 3832 dicitur
2298 3769 2494 3833 fuisse
2519 3768 2589 3832 in
2618 3786 2694 3832 eo
2720 3767 3034 3833 invocatio
3058 3764 3441 3830 ascensionis
3466 3782 3582 3848 per

2043 3891 2201 3937 eum
2234 3873 2522 3951 modum,
2556 3890 2671 3956 per
2697 3890 2893 3956 quem
2915 3875 3011 3937 est
3037 3871 3107 3936 in
3133 3871 3342 3946 nobis,

2125 3987 2186 4046 4.
2231 3982 2328 4047 Ad
2375 3981 2534 4046 illud
2558 3980 2729 4064 quod
2755 3980 3072 4064 objicitur,
3098 3981 3270 4064 quod
3293 3980 3582 4063 postula-

2042 4089 2133 4153 tio
2159 4088 2464 4154 orationis
2498 4087 2755 4171 respicit
2795 4092 2992 4152 totam
3043 4087 3416 4153 Trinitatem
3429 4135 3448 4166 ‚
3479 4088 3580 4153 di-

2043 4195 2319 4261 cendum
2364 4196 2537 4278 quod
2579 4212 2813 4260 verum
2857 4198 2952 4259 aa
3004 4213 3088 4258 ex
3139 4196 3575 4278 consequenti,

2041 4303 2189 4366 licet
2231 4303 2530 4385 quaedam
2580 4301 2898 4366 orationes
2937 4301 3300 4383 dirigantur
3328 4303 3412 4367 ad
3450 4303 3577 4368 Pa-

2040 4414 2230 4488 trem,
2259 4409 2557 4493 quasdam
2585 4409 2666 4474 ad
2691 4405 2950 4475 Filium.
2979 4409 3159 4488 Quod
3180 4413 3398 4475 autem
3427 4409 3578 4474 sub-

2034 4518 2372 4601 jungitur,
2413 4517 2585 4599 quod
2623 4534 2814 4582 nemo
2841 4517 3000 4600 petit
3023 4516 3263 4600 aliquid
3290 4535 3332 4581 a
3349 4533 3440 4597 se,
3469 4515 3575 4581 di-

2040 4623 2314 4690 cendum
2341 4624 2513 4706 quod
2545 4640 2777 4688 verum
2802 4625 2898 4688 est
2916 4622 2987 4687 in
3015 4642 3114 4702 eo,
3136 4623 3249 4707 qui
3271 4622 3577 4688 estunius

2037 4734 2292 4796 tantum
2318 4734 2608 4810 naturae;
2640 4730 2749 4797 sed
2770 4731 2881 4814 qui
2910 4734 3004 4796 est
3029 4730 3424 4829 diversarum
3457 4744 3576 4796 na-

2037 4842 2370 4914 turarum,
2427 4838 2591 4903 bene
2635 4840 2840 4921 potest
2876 4840 3092 4920 petere
3140 4836 3383 4920 aliquid
3414 4855 3570 4916 ase,

2036 4944 2128 5011 ita
2165 4944 2336 5026 quod
2376 4945 2732 5012 secundum
2772 4962 2972 5009 unam
3015 4948 3310 5009 natur-mn
3353 4945 3436 5009 sit
3459 4962 3574 5028 pe-

2036 5055 2201 5132 tens,
2248 5055 2313 5116 et
2349 5051 2704 5117 seeundum
2738 5050 2933 5116 aliam
2973 5051 3058 5115 sit
3090 5050 3479 5117 exaudiens:
3509 5056 3581 5117 et

2035 5158 2129 5224 sic
2169 5160 2365 5225 estin
2405 5158 2688 5238 christo,
2732 5159 2846 5243 qui
2883 5159 3575 5243 eratpontifexpetens

2035 5267 2388 5334 secundum
2414 5267 2768 5333 humanam
2799 5269 3097 5333 naturam
3112 5315 3134 5346 ‚
3187 5269 3254 5332 et
3287 5271 3425 5333 erat
3454 5284 3574 5334 rex

2034 5378 2101 5440 et
2123 5373 2418 5460 princeps
2460 5373 2808 5441 exaudiens
2860 5373 3211 5441 secundum
3256 5374 3570 5442 divinam.

2118 5486 2178 5548 5.
2227 5483 2328 5547 Ad
2365 5483 2521 5550 illud
2543 5484 2715 5567 quod
2741 5482 3058 5566 obiicitur,
3089 5481 3261 5568 quod
3285 5481 3568 5550 Christus
