4185 6288
698 482 818 547 180

692 615 875 683 aliter
908 617 1308 700 significamr
1323 616 1541 682 diviua
1567 619 1805 681 natura
1823 634 1937 700 per
1961 618 2086 683 hoc
2125 636 2247 683 no-

695 744 871 805 men,
895 727 1089 804 Deus,
1104 725 1499 808 etaliterper
1523 725 1645 790 hoc
1672 743 1932 805 nomen,
1961 733 2203 793 natura
2221 747 2243 788 .·

694 838 756 897 et
778 833 918 898 ideo
937 834 1005 896 in
1022 831 1202 897 nullo
1230 833 1406 913 cogit
1433 833 1778 896 auctoritas
1801 833 1932 897 illa.

775 944 837 1004 3.
864 939 963 1004 Ad
990 938 1151 1003 illud
1169 939 1341 1021 qnod
1370 939 1690 1021 oincitur,
1714 940 1886 1023 quod
1906 940 2126 1005 divina
2138 959 2248 1004 na-

692 1050 839 1112 tura
913 1047 1149 1111 dicitur
1204 1048 1449 1130 concipi
1502 1051 1567 1111 et
1617 1048 1805 1112 'nasci
1826 1096 1845 1125 ,
1906 1048 2246 1113 dicendum

692 1154 884 1238 quod,
914 1154 1079 1220 sicut
1107 1155 1257 1219 diest
1279 1154 1578 1236 Magister
1593 1155 1661 1219 in
1685 1155 1914 1231 littera,
1933 1155 2248 1236 Augusti-

692 1261 935 1325 nasibi
965 1262 1252 1327 extendit
1274 1280 1513 1326 nomen
1539 1267 1813 1337 naturae,
1846 1266 1921 1325 ut
1938 1266 2058 1325 stet
2103 1261 2244 1325 loco

693 1386 1004 1452 personae.
1031 1369 1112 1435 Et
1130 1370 1257 1434 hoc
1274 1369 1535 1452 quidem
1568 1369 1892 1433 multoties
1911 1368 2058 1433 facit
2091 1391 2106 1433 ε
2138 1370 2248 1434 sed

692 1478 1055 1544 commnnIs
1079 1496 1236 1542 usus
1260 1479 1449 1542 talem
1481 1477 1744 1543 modum
1776 1478 2077 1559 loquendi
2119 1497 2249 1543 non

691 1585 968 1650 admittit
998 1607 1014 1650 :
1066 1586 1211 1650 ideo
1252 1604 1336 1650 ex
1360 1586 1470 1650 tali
1497 1586 1872 1650 auctoritate
1901 1603 2033 1650 non
2064 1586 2251 1651 debet

692 1693 908 1774 argui,
949 1694 1083 1757 imo
1123 1694 1334 1775 potius
1354 1693 1541 1757 debet
1565 1692 1826 1775 exponi.
1990 1682 1993 1685 ’

774 1805 836 1864 4.
868 1800 962 1864 Ad
1000 1800 1157 1865 illud
1204 1802 1374 1883 quod
1405 1801 1726 1883 oincItur,
1757 1800 1929 1884 quod
1960 1801 2256 1864 incarna-

693 1907 784 1973 tio
833 1912 931 1972 est
952 1908 1061 1973 via
1091 1909 1172 1974 ad
1202 1910 1596 1974 nativitatem
1625 1958 1643 1987 ,
1688 1908 2030 1974 dicendum
2077 1909 2251 1992 quod

695 2033 926 2079 verum
962 2021 1064 2080 est
1086 2017 1166 2081 ad
1194 2017 1592 2082 nativitatem
1624 2034 1938 2099 personae,
1982 2033 2132 2098 quae
2159 2020 2251 2080 est

693 2122 1095 2205 suppositum
1151 2127 1400 2188 naturae
1448 2128 1794 2206 assumptae
1852 2146 1867 2187 :
1931 2122 2038 2187 sed
2119 2141 2251 2187 non

694 2234 941 2313 oportet
965 2232 1138 2314 quod
1178 2232 1262 2295 sit
1287 2231 1393 2295 via
1431 2232 1512 2295 ad
1540 2230 1941 2296 nativitatem
1971 2235 2248 2295 naturae.

697 2335 1052 2401 lncarnatio
1064 2338 1241 2401 enim
1269 2355 1399 2401 non
1423 2338 1572 2400 facit
1603 2338 2251 2402 communicationem

694 2443 1073 2507 idiomatum
1118 2445 1362 2508 ratione
1388 2445 1851 2508 convenientiae
1886 2444 1955 2507 in
1997 2448 2248 2521 natura,

696 2559 806 2623 sed
835 2561 1047 2642 potius
1086 2561 1327 2624 ratione
1366 2559 1827 2624 convenientiae
1860 2560 1928 2623 in
1955 2577 2249 2642 persona.

779 2669 840 2730 5.
873 2666 969 2730 Ad
996 2667 1154 2731 illud
1182 2667 1357 2750 quod
1379 2667 1697 2749 objicitur,
1727 2666 1901 2748 quod
1923 2685 2252 2731 assumere

699 2792 955 2840 carnem
984 2780 1078 2839 est
1106 2776 1282 2840 nasci
1319 2776 1390 2840 in
1427 2781 1632 2855 utero,
1690 2774 2029 2839 dicendum
2079 2776 2249 2857 quod

700 2901 931 2948 verum
977 2886 1073 2947 est
1118 2884 1474 2948 secundum
1530 2883 1701 2965 quod
1733 2898 2052 2948 assumere
2078 2881 2252 2946 idem

700 2994 816 3066 est,
845 2991 1016 3073 quod
1044 2991 1119 3056 in
1146 2993 1467 3056 unitatem
1515 2990 1625 3055 sui
1668 2992 1997 3071 accipere;
2023 2995 2085 3053 et
2129 2990 2254 3054 hoc

699 3098 891 3163 modo
919 3097 1254 3181 proprium
1276 3101 1370 3162 est
1409 3113 1722 3179 personae.
1756 3096 2126 3162 Secundum
2145 3116 2254 3162 au-

701 3210 831 3270 tem
857 3206 1029 3288 quod
1048 3222 1360 3272 assumere
1387 3205 1619 3269 dicitur
1645 3205 1722 3268 de
1750 3205 1970 3269 divina
1992 3210 2247 3284 natura,

701 3312 1007 3396 accipitur
1033 3313 1302 3394 largiu5‚
1325 3317 1389 3377 et
1415 3313 1537 3376 hoc
1557 3312 1745 3375 modo
1769 3327 2090 3377 assumere
2119 3330 2249 3376 non

700 3424 797 3485 est
823 3420 1013 3497 idem,
1069 3422 1240 3502 quod
1286 3424 1362 3487 in
1390 3426 1564 3487 utero
1618 3422 1804 3486 nasci
1824 3469 1841 3496 ,
1879 3421 1986 3485 sed
2035 3421 2253 3502 potius

699 3529 890 3594 carm·
908 3529 1118 3593 uniri.

779 3641 840 3700 6.
872 3635 970 3700 Ad
997 3636 1156 3701 illud
1184 3636 1354 3718 quod
1384 3635 1703 3718 oincitur,
1734 3634 1905 3718 quod
1946 3634 2250 3699 fortitudo

699 3748 795 3808 est
811 3743 1154 3823 infirmata,
1190 3743 1369 3807 etsie
1395 3744 1473 3807 de
1498 3742 1663 3822 aliie,
1695 3742 2035 3807 dicendum
2078 3741 2250 3823 quod

700 3850 809 3915 illa
834 3850 1031 3914 verba
1076 3868 1209 3914 non
1237 3856 1390 3914 sunt
1411 3848 1721 3913 trahenda
1753 3849 1834 3912 ad
1861 3866 2250 3930 consequen·

701 3960 884 4023 tiam.
923 3958 1123 4023 Aliter
1157 3957 1333 4021 enim
1362 3955 1726 4020 conceditur
1751 3957 1993 4037 aliquid
2039 3956 2250 4020 dicere

700 4067 782 4145 ei,
807 4066 918 4149 qni
948 4065 1088 4130 vult
1105 4065 1381 4129 excitare
1398 4063 1801 4127 devotionem
1816 4068 1881 4126 et
1904 4063 2157 4127 elevare
2181 4065 2249 4127 in

700 4172 1210 4247 admirationem,
1228 4171 1402 4253 quod
1428 4173 1646 4233 tamen
1680 4169 2251 4252 reprehenderetur

700 4279 772 4343 in
799 4299 895 4359 eo,
918 4280 1033 4364 qui
1061 4278 1373 4343 sermonis
1390 4276 1678 4341 catholici
1709 4277 2162 4359 proprietatem
2183 4281 2246 4340 et

701 4385 1035 4449 veritatem
1062 4385 1351 4467 inquirit.
1384 4381 1601 4448 Posset
1631 4382 1825 4445 etiam
1842 4386 1906 4445 et
1919 4381 2106 4446 aliter
2122 4400 2249 4446 res-

702 4492 989 4576 ponderi,
1012 4491 1182 4573 quod
1210 4508 1341 4554 non
1368 4493 1462 4553 est
1486 4489 1691 4553 simile
1723 4489 2060 4570 :quamvis
2072 4490 2249 4553 enim

700 4595 825 4660 hoc
863 4612 1123 4674 nomen,
1156 4595 1458 4672 essentia,
1489 4593 1591 4656 vel
1638 4597 1904 4668 natura,
1930 4610 2060 4655 non
2091 4610 2248 4674 sup-

704 4707 900 4786 ponat
926 4719 1043 4785 pro
1089 4718 1390 4784 persona;
1440 4699 1706 4764 nomina
1750 4702 1968 4763 tamen
2011 4717 2250 4782 appro-

704 4811 930 4894 priata,
967 4812 1041 4874 ut
1090 4810 1301 4876 virtus
1342 4811 1406 4871 et
1431 4807 1780 4889 sapientia,
1812 4825 1927 4889 pro
1980 4823 2268 4898 persona·

704 4923 1098 5000 supponunt,
1145 4922 1210 4981 et
1252 4916 1638 4981 locutionem
1673 4933 1897 4980 veram
1951 4914 2248 4979 reddunt.

706 5025 887 5091 Unde
917 5044 1143 5090 sensus
1159 5028 1254 5089 est
1283 5046 1299 5088 ε
1332 5022 1664 5088 Fortitudo
1689 5027 1785 5087 est
1800 5023 2148 5100 infirmata,
2183 5021 2249 5086 id

706 5136 823 5212 est,
894 5149 1164 5215 persona
1217 5131 1324 5195 cni
1388 5130 1841 5213 appropriatur
1903 5127 2208 5193 fortitudo
2228 5174 2249 5206 ,

692 5240 995 5306 Christus
1035 5238 1346 5318 videlicet,
1383 5237 1496 5320 qui
1534 5243 1630 5303 est
1656 5238 1773 5305 Dei
1799 5239 2006 5305 virtus
2048 5240 2112 5302 et
2137 5235 2254 5301 Dei

775 5401 792 5438 ¹
819 5400 903 5463 Cf.
933 5402 988 5453 S.
1019 5399 1223 5462 Thom„
1252 5398 1317 5449 111
1353 5399 1511 5457 Seni..
1544 5399 1659 5450 dist.
1699 5411 1822 5462 v111,
1860 5412 1909 5462 q.
1954 5409 2049 5461 1¹13
2078 5396 2249 5461 AEgid.

712 5475 879 5535 Rom„
912 5473 977 5523 ln
1009 5471 1171 5534 Seni„
1201 5470 1316 5521 dist.
1344 5481 1467 5534 vm,
1493 5485 1548 5535 p.
1576 5483 1646 5533 11,
1675 5484 1727 5534 q.
1763 5481 1828 5532 ¹¹3
1858 5467 2159 5531 Richardus,
2182 5468 2248 5519 111

1815 480 2440 555 SENTENTJARUM
2482 480 2633 548 Lm.
2678 482 2786 548 111.

2357 619 2711 700 sapientia,
2739 615 3023 683 Verbum
3051 616 3290 682 scilicet
3337 617 3566 696 Patris,
3596 619 3699 683 cui
3726 637 3893 684 eom-

2356 726 2509 807 petit
2528 743 2664 789 esse
2691 724 2801 788 Dei
2826 724 3132 788 virtutem
3160 729 3226 789 et
3254 726 3362 790 Dei
3392 727 3767 810 sapientiam
3794 750 3812 795 ε
3834 734 3895 795 et

2355 833 2519 908 ideo,
2541 831 2839 915 quamvis
2868 832 3019 896 talia
3046 833 3387 915 praedicata
3432 836 3811 900 conveniant
3836 842 3895 901 et

2356 941 2788 1005 attribuantur
2840 940 3211 1004 nominibus
3262 943 3716 1025 appropriatis3
3771 962 3897 1008 non

2357 1051 2576 1111 tamen
2594 1047 2910 1128 sequitur,
2941 1047 3111 1128 quod
3142 1047 3409 1112 attribui
3437 1049 3682 1130 possint
3700 1067 3901 1115 essen·

2355 1153 2463 1218 tiae
2490 1155 2595 1219 vel
2621 1158 2874 1219 naturae
2902 1154 3158 1237 proprie
3184 1159 3249 1219 et
3277 1172 3448 1219 vere.

2853 1375 3263 1454 QUAESTIO
3307 1376 3399 1442 11.

2360 1537 2455 1594 An
2504 1543 2655 1596 nasci
2710 1539 2776 1596 de
2847 1541 3075 1610 Virgine
3128 1554 3253 1594 vere
3315 1538 3535 1595 dicatur
3588 1538 3655 1595 de
3710 1542 3904 1595 natura

2940 1634 3214 1701 assmnpta
3245 1626 3284 1683 ¹.

2442 1784 2673 1853 Utrum
2699 1788 2887 1853 nasci
2909 1785 2987 1852 de
3040 1786 3310 1869 Vimine
3354 1803 3510 1850 vere
3544 1785 3795 1850 dicatur
3833 1786 3906 1852 de
3931 1814 4104 1857 ruam.

2363 1897 2592 1957 natura
2616 1901 2971 1977 assumpta;
3003 1899 3067 1960 et
3092 1895 3268 1977 quod
3290 1894 3381 1957 sic
3401 1940 3418 1969 ,
3449 1894 3726 1959 videtur.
3761 1895 3907 1977 Ejus

2362 2004 2457 2064 est
2504 2001 2823 2081 generari,
2860 2004 3045 2083 cujus
3083 2007 3181 2065 est
3207 2020 3541 2082 generare,
3590 2002 3737 2066 licet
3781 2020 3905 2066 non

2361 2110 2649 2191 ejusdem
2680 2128 2953 2175 numero
2986 2133 3001 2174 ε
3038 2110 3148 2174 sed
3176 2114 3597 2192 generareest
3618 2115 3800 2174 actus
3819 2110 3906 2191 ip-

2361 2219 2496 2283 sius
2532 2225 2780 2285 naturae
2822 2239 2839 2284 z
2878 2239 3038 2303 ergo
3069 2227 3137 2299 ,et
3176 2222 3474 2304 generari
3514 2239 3531 2284 ε
3572 2222 3685 2286 sed
3726 2223 3906 2303 cujus

2361 2331 2458 2392 est
2475 2330 2793 2408 generari,
2820 2331 2877 2410 ej
2887 2348 2964 2393 us
2988 2333 3084 2393 est
3107 2331 3280 2394 nasci
3304 2353 3321 2394 ε
3353 2348 3514 2411 ergo
3542 2330 3601 2394 si
3614 2329 3903 2411 generari

2362 2438 2662 2519 competit
2697 2442 2949 2501 naturae
3002 2443 3380 2520 assumptae,
3440 2438 3701 2501 videtur
3740 2436 3903 2519 quod

2362 2542 2665 2625 competit
2683 2544 2744 2606 ei
2777 2543 2954 2606 nasci
2977 2544 3056 2608 de
3092 2543 3382 2624 Virgine.

2443 2652 2602 2715 Item
2626 2652 2792 2717 bene
2836 2654 3125 2736 sequitur
3159 2676 3172 2718 :
3213 2677 3244 2714 α
3293 2652 3417 2718 Iste
3441 2657 3713 2735 generat
3737 2653 3905 2717 hunc

2361 2759 2713 2839 hominem,
2735 2779 2894 2842 ergo
2918 2761 3247 2826 hominem
3275 2783 3291 2825 t
3327 2783 3357 2821 ι
3375 2758 3484 2825 se'd
3517 2755 3697 2826 hunc
3711 2760 3906 2825 homi·

2361 2885 2512 2930 nem
2531 2868 2761 2944 dicere,
2812 2872 2905 2932 est
2923 2869 3132 2933 dicere
3178 2887 3516 2949 personam
3540 2891 3559 2947 ;
3583 2869 3902 2933 hominem

2362 2992 2542 3053 vero,
2562 2978 2861 3039 naturam
2898 2996 2914 3038 ι
2945 2992 3105 3057 ergo
3138 2974 3304 3039 bene
3334 2975 3647 3057 sequitur,
3678 2975 3733 3038 si
3759 2992 3901 3057 per-

2361 3087 2624 3148 sona'est
2639 3087 2809 3163 nata,
2841 3082 3012 3165 quod
3040 3086 3274 3148 natura
3293 3089 3388 3148 est
3412 3089 3589 3150 nata.

2443 3189 2601 3253 Item
2619 3207 2812 3254 omne
2825 3190 2999 3272 quod
3013 3191 3233 3273 incipit
3250 3210 3408 3271 esse,
3434 3192 3657 3275 aliquo
3672 3209 3899 3274 genere

2361 3298 2736 3362 mutationis
2762 3298 2986 3380 incipit
3010 3317 3146 3363 esse
3177 3321 3192 3363 ε
3225 3299 3334 3363 sed
3360 3299 3655 3364 humana
3683 3304 3902 3364 natura

2358 3408 2425 3470 in
2472 3406 2719 3471 Christo
2753 3406 2978 3488 incipit
3018 3424 3187 3486 esse;
3241 3424 3358 3470 nec
3409 3411 3505 3470 est
3549 3408 3703 3472 dare
3736 3405 3898 3470 aliud

2360 3533 2571 3596 genus
2598 3514 2990 3593 mutationis,
3013 3533 3210 3597 quam
3238 3514 3670 3596 generationis
3701 3536 3715 3578 z
3751 3530 3901 3594 ergo

2358 3621 2481 3685 fuit
2508 3624 2809 3702 concepta
2826 3624 2890 3682 et
2916 3625 3088 3685 nata.

2440 3729 2599 3793 ltem
2644 3727 2929 3792 Christus
2969 3731 3159 3790 natus
3209 3730 3304 3790 est
3354 3726 3433 3790 de
3473 3725 3762 3808 Virgine,
3793 3727 3902 3789 aut

2359 3836 2605 3900 ratione
2637 3834 2968 3916 suppositi,
3020 3839 3136 3898 aut
3187 3834 3432 3899 ratione
3477 3839 3767 3900 naturae:
3798 3832 3899 3896 sed

2360 3960 2491 4006 non
2518 3942 2762 4006 ratione
2805 3940 3151 4023 suppositi,
3211 3941 3364 4024 quia
3402 3941 3564 4005 illud
3591 3946 3687 4006 est
3724 3944 3899 4005 aeter-

2359 4072 2422 4115 m
2433 4070 2520 4115 im
2556 4074 2572 4115 z
2612 4069 2772 4132 ergo
2822 4051 3065 4114 ratione
3114 4054 3364 4114 naturae
3394 4074 3409 4112 ε
3453 4068 3620 4134 ergo
3673 4050 3895 4114 natura

2358 4159 2646 4223 humana
2673 4158 2926 4241 proprie
2949 4157 3182 4221 dicitur
3209 4161 3363 4222 nata
3389 4158 3466 4222 de
3490 4156 3780 4239 Virgine.

2441 4266 2562 4331 Sed
2592 4270 2814 4330 contra
2845 4288 2859 4330 ε
2911 4271 2970 4329 1.
3016 4265 3195 4330 Sicut
3221 4284 3288 4328 se
3308 4265 3504 4329 habet
3540 4265 3758 4330 divina
3782 4280 3892 4325 na·
3917 4296 3976 4340 Ad
3995 4306 4075 4349 om>-

2358 4378 2506 4436 tura
2531 4373 2611 4436 ad
2636 4372 3032 4437 nativitatem
3061 4375 3393 4447 aeternam,
3423 4372 3513 4434 sic
3540 4375 3772 4435 natura
3784 4369 3893 4432 hu-

2358 4499 2551 4544 mana
2593 4481 2674 4546 ad
2721 4480 3119 4544 nativitatem
3166 4478 3583 4562 temporalem
3618 4501 3632 4542 ε
3665 4476 3771 4540 sed
3802 4474 3894 4538 di-

2358 4589 2513 4653 vina
2540 4591 2771 4651 natura
2796 4605 2926 4652 non
2953 4592 3048 4651 est
3066 4591 3217 4650 nata
3245 4587 3576 4650 nativitate
3607 4588 3838 4651 aeterna
3874 4602 3888 4645 :

2359 4714 2520 4777 ergo
2538 4713 2655 4758 nec
2669 4693 2955 4758 humana
2979 4699 3210 4758 natura
3224 4691 3292 4756 in
3311 4692 3558 4757 Christo
3577 4691 3892 4756 nativitate

2358 4800 2716 4885 temporali.

2439 4914 2500 4974 2.
2534 4907 2694 4972 Item
2732 4905 3031 4971 nativitas
3074 4905 3155 4970 ad
3185 4905 3349 4970 nihil
3372 4905 3753 4970 terminatur
3779 4901 3893 4967 nisi

2361 5017 2441 5081 ad
2467 5033 2582 5079 ens
2597 5012 2989 5095 completum
3021 5034 3036 5077 :
3070 5012 3307 5076 sedens
3333 5012 3726 5095 completum
3750 5008 3894 5076 dicit

2360 5139 2700 5208 personam
2731 5143 2747 5184 ε
2778 5137 2937 5202 ergo
2967 5119 3296 5201 generatio
3335 5137 3467 5183 non
3520 5119 3890 5184 terminatur

2361 5231 2442 5297 ad
2469 5232 2790 5309 naturam,
2807 5227 2913 5293 sed
2937 5226 3017 5291 ad
3041 5243 3405 5309 personam.

2365 5396 2525 5458 Sem„
2570 5392 2688 5444 dist.
2714 5403 2833 5455 vm,
2871 5405 2924 5457 q.
2951 5402 3045 5455 1113
3089 5389 3377 5454 Stephanus
3408 5386 3622 5447 erulos..
3650 5386 3715 5436 ΙΙΙ
3740 5383 3885 5441 seut„

2364 5466 2478 5517 dist.
2513 5475 2629 5526 vm,
2653 5477 2707 5529 q.
2732 5474 2789 5513 u.
