4185 6288
1356 411 1548 488 DIST.
1588 421 1803 490 xvm.
1847 417 2030 487 ΛΒΤ.
2078 419 2127 485 1.
2168 421 2469 501 QUAEST.
2518 422 2594 486 11.
3455 427 3567 488 391

375 566 438 627 et
476 561 679 645 ptine,
712 564 940 626 natum
980 563 1075 625 est
1122 558 1481 624 consimiles
1521 559 1919 642 operationes

372 669 623 734 efficere
661 690 677 733 ε
715 668 826 733 sed
852 667 1129 732 liberum
1169 666 1508 732 arbitrium
1553 665 1621 729 in
1668 664 1916 730 Christo

373 777 595 842 eodem
625 776 817 841 modo
843 793 911 840 se
937 775 1131 839 habet
1157 777 1299 858 post
1324 774 1823 857 conceptionem,
1854 776 1919 836 61

373 890 514 967 post
541 883 1105 959 resurrectionem,
1144 886 1208 946 et
1233 882 1445 964 gratia
1482 880 1810 958 similiter3
1854 882 1918 942 et

370 991 513 1055 haec
559 991 690 1056 duo
732 993 887 1055 sunt
929 989 1240 1074 principia
1280 987 1566 1053 merendi
1608 1010 1623 1051 :
1667 987 1719 1049 si
1759 1004 1918 1069 ergo

2026 575 2193 641 ergo
2238 557 2555 642 quaeritur
2596 574 2683 622 an
2722 557 3010 622 Christus
3051 559 3399 640 meruerit,
3443 577 3577 626 non

2027 665 2344 749 quaeritur
2384 666 2466 731 de
2508 664 2720 748 primo
2761 668 2826 730 et
2864 665 3143 730 seeundo
3187 669 3416 748 modo;
3464 672 3577 738 sed

2030 773 2348 856 quaeritur
2397 774 2479 838 de
2520 772 2729 838 terti0.
2778 773 2875 838 Ad
2919 772 3078 837 illud
3119 793 3279 855 ergo
3311 794 3573 860 respon·

2027 879 2335 962 dendum,
2375 881 2550 965 quod
2594 881 2828 946 mereri
2872 900 2956 946 ex
3001 882 3321 965 condigno
3369 884 3577 949 tribus

2028 988 2237 1052 modis
2277 989 2592 1070 contingit
2623 1012 2638 1053 :
2669 1007 2806 1053 uno
2847 989 3038 1054 modo
3078 990 3311 1054 mereri
3352 996 3446 1055 est
3491 1010 3573 1057 ex

3655 998 3813 1042 Mereri

2027 1094 2309 1160 indebito
2338 1096 2543 1160 facere
2575 1095 2865 1162 debitum
2881 1146 2896 1176 ,
2927 1097 3094 1162 sicut
3118 1101 3402 1163 meretur
3427 1100 3571 1183 quis
3599 1072 3739 1178 31¹3„ss
3741 1075 3820 1167 ‘3¹12

2027 1201 2098 1264 in
2123 1202 2350 1282 gratiae
2375 1202 2693 1267 infusione
2711 1252 2728 1283 ,
2759 1206 2822 1267 61
2847 1206 3028 1266 111016
3064 1203 3249 1268 liberi
3282 1205 3566 1282 arbitrii;
3599 1182 3818 1299 ⁶223*

2027 1311 2154 1375 alio
2179 1312 2369 1378 modo
2394 1313 2626 1378 mereri
2653 1316 2747 1379 est
2769 1313 2846 1378 (16
2873 1313 3085 1379 debito
3119 1315 3324 1380 iacere
3367 1316 3573 1399 magis
3600 1311 3752 1353 '⁰⁰⁶¹‘-

373 1103 516 1182 6061
553 1098 1084 1165 resurrectionem
1124 1116 1259 1162 non
1303 1097 1575 1175 meruit,
1602 1113 1760 1176 ergo
1798 1112 1918 1159 nec

373 1211 517 1291 post
537 1209 1036 1291 conceptionem.
1064 1206 1132 1271 Si
1155 1210 1228 1271 16
1254 1206 1423 1270 (11666
1449 1203 1621 1287 quod
1647 1202 1829 1267 aliter
1854 1206 1919 1266 61

373 1314 554 1378 611161·
587 1331 657 1378 se
691 1315 907 1392 habet,
934 1316 1255 1396 quantum
1293 1316 1389 1377 est
1426 1328 1510 1376 ex
1553 1314 1731 1394 parte
1773 1327 1917 1373 car-

372 1422 509 1497 nis,
536 1421 659 1485 hoc
680 1438 815 1485 non
839 1422 1028 1485 solvit
1052 1441 1069 1501 ;
1099 1421 1253 1504 quia
1285 1418 1588 1484 meritum
1617 1435 1749 1481 non
1777 1435 1917 1479 res-

373 1530 525 1612 picit
561 1534 799 1595 etatum
845 1529 1076 1609 carnia,
1124 1528 1233 1593 sed
1276 1532 1509 1592 statum
1552 1525 1911 1590 charitatis:

375 1653 532 1717 ergo
571 1637 627 1698 si
663 1635 946 1700 Christus
991 1639 1137 1719 post
1170 1634 1647 1718 conceptionem
1686 1632 1917 1696 habuit

375 1742 747 1807 charitatem
781 1743 1003 1826 patriae
1038 1760 1221 1826 aeque
1254 1742 1533 1806 nobilem
1573 1744 1637 1806 et
1673 1741 1918 1824 perfec-

374 1853 529 1930 tam,
558 1850 726 1915 sicut
753 1849 943 1915 modo
965 1849 1189 1927 habet,
1215 1867 1333 1913 nec
1358 1851 1455 1914 est
1476 1850 1618 1932 ejus
1643 1848 1917 1911 charitas

374 1959 645 2037 variata,
683 1957 737 2020 si
773 1957 965 2021 modo
993 1974 1124 2019 non
1154 1956 1342 2020 habet
1367 1973 1562 2019 usum
1591 1953 1911 2034 merendi,

374 2062 626 2129 videtur
658 2064 830 2147 quod
857 2080 975 2128 nec
1006 2067 1158 2128 tunc
1184 2062 1501 2127 habuerit.

908 2328 1359 2397 CONCLUSIO.

375 2513 611 2570 Christus
630 2516 757 2584 post
788 2513 1182 2583 conceptionem
1207 2511 1401 2566 habuit
1434 2524 1588 2566 usum
1620 2510 1831 2578 meriti,
1863 2512 1915 2565 et

443 2604 786 2659 exercitium:
814 2605 868 2658 61
904 2602 1105 2657 meruit
1139 2601 1292 2658 nobis
1331 2602 1528 2673 gratia·
1556 2601 1912 2669 infusionem,

443 2695 638 2763 qratia
657 2694 1075 2765 promotionem,
1106 2696 1159 2748 et
1189 2691 1442 2747 bonorum
1468 2704 1685 2763 operum
1729 2690 1917 2746 multi·

437 2781 820 2853 plicationem3
849 2780 959 2837 sibi
977 2782 1087 2837 alio
1106 2778 1259 2836 modo
1287 2781 1505 2850 meruit,
1524 2778 1794 2853 quodjam
1807 2778 1916 2835 sibi

445 2869 753 2928 debebatur.

179 3075 346 3117 nemu
454 3032 638 3115 Resp.
666 3033 749 3097 ad
775 3048 916 3113 arg.
947 3029 1046 3095 Ad
1080 3027 1530 3113 praedictorum
1558 3026 1915 3109 intelligen-

125 3139 197 3194 qui
234 3167 246 3181 .

375 3141 527 3207 tiam
552 3144 649 3207 est
671 3139 1049 3216 notandum,
1078 3136 1252 3221 quod
1279 3134 1511 3202 mereri
1537 3127 1767 3200 dicitur
1794 3135 1876 3199 tri
1896 3170 1915 3183 -

369 3249 613 3333 pliciter
642 3271 658 3314 z
690 3265 825 3312 uno
857 3246 1045 3311 modo
1071 3243 1439 3328 simpliciter
1464 3240 1756 3319 abusive;
1788 3241 1913 3306 alio

369 3355 559 3421 modo
586 3354 819 3438 partim
848 3353 1132 3437 proprie,
1162 3356 1226 3417 et
1251 3351 1486 3435 partim
1520 3348 1865 3432 improprie
1889 3372 1908 3428 ;

368 3463 555 3528 tertio
597 3462 788 3527 modo
817 3460 1191 3543 simpliciter
1223 3457 1500 3541 proprie.
1533 3454 1914 3539 Simpliciter

367 3569 631 3634 abusive
683 3568 915 3633 dicitur
968 3566 1199 3630 mereri
1220 3613 1239 3644 ,
1285 3563 1399 3646 qui
1457 3563 1603 3628 facit
1656 3562 1913 3645 aliquod

368 3696 530 3760 opus
553 3679 631 3743 de
657 3693 895 3759 genere
922 3672 1272 3751 bonorum',
1312 3676 1528 3737 tamen
1565 3671 1713 3735 facit
1755 3670 1911 3736 illud

369 3785 536 3849 malo
561 3785 774 3863 modo,
805 3783 870 3847 id
894 3786 989 3847 est
1016 3781 1185 3845 mala
1212 3779 1583 3857 intentione,
1615 3778 1779 3843 sicut
1807 3778 1912 3843 ille

367 3892 479 3975 qui
513 3892 623 3961 dat
651 3890 1122 3973 eleemosynam
1164 3904 1314 3951 cum
1350 3902 1684 3950 murmure
1715 3908 1731 3950 ε
1760 3886 1912 3950 16116

367 3998 543 4062 enim
585 4014 780 4080 opera
819 3994 1166 4078 aliquando
1193 3999 1693 4057 remunerantur
1718 4012 1757 4057 a
1784 3993 1912 4057 Deo

366 4122 446 4168 ex
472 4103 788 4168 immensa
812 4102 1132 4185 largitate,
1161 4100 1328 4164 sicut
1354 4100 1651 4165 innuitur
1678 4101 1756 4165 de
1784 4099 1914 4166 Na-

365 4216 873 4281 buchonodoeor.
942 4214 1054 4281 1116
1116 4231 1271 4280 vero
1330 4216 1612 4279 meretur
1677 4216 1913 4297 partim

367 4322 644 4407 proprie,
666 4321 919 4406 partim
951 4320 1249 4400 abusive,
1279 4321 1395 4403 qui
1437 4320 1586 4385 facit
1627 4339 1791 4404 opus
1835 4323 1914 4387 (16

368 4447 605 4512 genere
646 4429 999 4509 bonorum,
1045 4430 1111 4492 et
1156 4426 1326 4491 bona
1368 4427 1742 4506 intentione,
1793 4447 1912 4495 ve-

368 4541 733 4601 rumtamen
772 4554 904 4602 non
945 4553 1030 4600 ex
1074 4533 1379 4600 charitate
1426 4556 1443 4598 :
1477 4534 1643 4598 sicut
1681 4535 1915 4619 aliquis

368 4649 653 4728 peccator
694 4643 843 4708 facit
878 4660 1074 4726 opera
1101 4643 1179 4708 (16
1207 4658 1445 4723 genere
1468 4642 1818 4724 bonorum,
1851 4647 1916 4711 et

369 4755 627 4836 propter
651 4751 887 4828 Deum,
916 4749 984 4813 in
1009 4748 1248 4832 quibus
1272 4748 1353 4814 de
1376 4766 1665 4831 congruo
1691 4767 1759 4814 se
1784 4750 1915 4814 dis·-

368 4859 552 4942 ponit
575 4858 658 4922 ad
687 4857 987 4940 gratiam.
1033 4855 1143 4945 Ille
1169 4873 1325 4921 vero
1350 4860 1635 4920 meretur
1661 4855 1912 4938 simpli-

370 4965 522 5031 citer
548 4966 826 5050 proprie,
858 4963 972 5048 qui
996 4964 1146 5029 facit
1170 4964 1414 5029 honum
1443 4982 1628 5047 06116,
1658 4969 1720 5028 61
1748 4965 1915 5029 bona

371 5072 742 5153 intentione,
768 5075 833 5136 et
857 5090 941 5136 ex
965 5070 1293 5135 charitate.
1328 5069 1408 5135 Et
1439 5070 1724 5153 primum
1769 5071 1912 5154 qni-

369 5179 514 5245 dem
544 5179 841 5245 meritum
881 5178 1114 5244 dicitur
1149 5178 1451 5244 meritum
1482 5178 1914 5263 interpretati-

370 5300 530 5348 vum
557 5305 574 5362 ;
608 5282 965 5349 secundum
1001 5280 1231 5347 dicitur
1260 5282 1564 5347 meritum
1597 5286 1911 5367 congrui;

372 5389 631 5455 tertium
697 5389 927 5452 dicitur
993 5387 1294 5453 meritum
1362 5389 1686 5473 condigni.
1755 5391 1914 5459 Cum

2026 1421 2335 1503 debitum,
2365 1422 2531 1488 sicut
2557 1422 2872 1504 contingit
2901 1421 2980 1486 (16
3007 1423 3292 1505 profectu
3319 1424 3387 1487 in
3419 1442 3571 1507 pro-

2025 1530 2264 1594 fectum
2282 1578 2301 1610 ,
2326 1529 2406 1595 (16
2431 1529 2668 1595 virtute
2693 1530 2763 1593 in
2793 1528 3100 1595 virtutem
3123 1549 3140 1609 ;
3168 1530 3355 1594 tertio
3383 1531 3573 1595 modo

2027 1638 2261 1702 mereri
2308 1640 2403 1702 661
2430 1637 2510 1702 (16
2537 1635 2752 1701 (1611110
2786 1654 2921 1701 uno
2947 1637 3139 1701 modo
3166 1637 3367 1701 facere
3394 1638 3575 1702 debi-

2027 1747 2169 1807 tum
2208 1743 2333 1807 alio
2376 1742 2591 1822 modo,
2631 1747 2704 1807 ut
2748 1742 2826 1807 (16
2873 1743 3082 1808 (1611110
3126 1762 3239 1826 per
3275 1745 3575 1809 habitum

2024 1848 2231 1913 facere
2256 1849 2544 1914 debitum
2581 1866 2696 1932 per
2734 1867 2961 1928 usum,
2994 1853 3057 1915 et
3091 1849 3169 1914 (16
3205 1850 3417 1915 debito
3463 1869 3577 1935 per

2024 1973 2233 2021 unum
2248 1962 2464 2023 actum
2488 1959 2693 2023 facere
2720 1958 3008 2023 debitum
3028 1976 3144 2041 per
3160 1959 3360 2023 alium
3386 1977 3575 2043 aeque

1966 2142 1973 2149 ²
2027 2064 2299 2129 bonum.
2326 2063 2637 2131 Omnibus
2661 2065 2763 2130 his
2786 2065 2993 2131 modis
3024 2065 3310 2130 Christus
3337 2068 3576 2132 meruit

2025 2170 2211 2235 nobie
2252 2194 2269 2236 :
2316 2172 2557 2237 meruit
2599 2172 2775 2238 enim
2812 2173 2996 2237 nobis
3045 2173 3274 2255 gratiae
3316 2173 3574 2237 infusio-

2025 2295 2210 2358 nem3
2244 2280 2480 2345 meruit
2524 2284 2589 2345 et
2625 2280 2852 2363 gratiae
2891 2280 3359 2363 promotionem
3385 2299 3403 2360 ;
3434 2298 3574 2345 me-

2025 2385 2158 2450 ruit
2183 2390 2247 2451 et
2271 2387 2589 2452 bonorum
2618 2405 2888 2470 operum
2924 2386 3519 2470 multiplicationem
3550 2407 3569 2453 z

2024 2494 2148 2559 sibi
2197 2500 2416 2562 autem
2460 2514 2592 2561 non
2637 2496 2905 2576 meruit,
2951 2497 3077 2560 nisi
3126 2497 3311 2562 tertio
3356 2498 3568 2575 modo,

2023 2604 2281 2668 tantum
2317 2608 2460 2686 post
2496 2604 2974 2686 conceptionem
3003 2626 3019 2669 :
3053 2605 3191 2687 ipse
3223 2605 3397 2668 enim
3437 2622 3573 2669 non

2024 2710 2232 2794 601611
2257 2711 2460 2776 facere
2486 2710 2607 2774 sibi
2635 2711 2713 2776 (16
2755 2710 3034 2776 indebito
3073 2711 3388 2791 debitum,
3420 2730 3571 2776 cum

2022 2819 2202 2884 omni
2236 2819 2407 2884 bono
2447 2822 2613 2884 esset
2641 2819 2917 2901 dignus3
2951 2835 3082 2882 non
3121 2818 3329 2901 potuit
3367 2820 3572 2885 fecere

2021 2927 2103 2993 de
2127 2926 2340 2992 debito
2367 2927 2577 3008 magis
2609 2926 2928 3006 debitum,
2968 2944 3118 2992 cum
3154 2927 3335 2990 omni
3362 2927 3573 3008 gratia

2024 3036 2268 3117 abipsa
2293 3037 2701 3120 conceptione
2732 3038 2895 3099 esset
2935 3033 3186 3117 616666.
3235 3034 3358 3099 Sed
3397 3035 3571 3118 quod

2021 3147 2161 3207 erat
2186 3141 2469 3208 debitum
2498 3162 2631 3208 uno
2673 3141 2892 3222 modo,
2925 3141 3069 3207 fecit
3089 3142 3381 3207 debitum
3416 3142 3571 3225 plu-

2021 3250 2202 3315 ribus
2241 3250 2445 3315 modis
2480 3272 2496 3317 :
2527 3255 2591 3316 et
2628 3251 2718 3315 ita
2759 3250 2997 3316 meruit
3043 3251 3398 3315 secundum
3440 3255 3570 3315 ter-

2019 3358 2188 3422 tium
2233 3358 2503 3423 modum
2541 3357 2789 3422 dicendi
2832 3360 3136 3421 meritum
3173 3358 3406 3438 solum,
3435 3375 3567 3422 non

2021 3470 2280 3548 propter
2321 3464 2865 3548 imperfectionem
2892 3482 2932 3527 a
2957 3468 3138 3547 parte
3175 3463 3428 3543 meriti,
3458 3464 3568 3528 sed

2020 3574 2280 3655 propter
2324 3571 2774 3654 perfectionem
2818 3590 2859 3635 6
2903 3576 3081 3653 parte
3125 3571 3447 3635 merentis,
3492 3570 3572 3636 Et

2020 3673 2145 3739 hoc
2171 3673 2458 3756 estquod
2482 3673 2714 3738 dicitur
2739 3673 2811 3737 16
2835 3672 3045 3737 littera
3077 3694 3092 3736 ε
3135 3695 3166 3732 α
3192 3671 3331 3737 Νο6
3360 3674 3570 3756 profe-

2021 3781 2107 3845 cit
2151 3780 2437 3845 Christus
2484 3778 2839 3844 secundum
2894 3779 3203 3844 meritum
3250 3785 3567 3863 quantum

2020 3888 2102 3953 ad
2133 3889 2438 3953 virtutem
2468 3886 2706 3963 meriti,
2727 3886 2991 3970 profecit
3014 3891 3231 3952 tamen
3252 3891 3568 3971 quantum

2020 3996 2103 4062 ad
2131 4013 2479 4062 numerum
2514 3996 2912 4060 meritorum.
2941 4016 2973 4054 t>
3010 3992 3202 4058 Plura
3239 3995 3414 4058 enim
3451 3994 3570 4058 ha·-

2018 4104 2161 4170 buit
2204 4104 2433 4169 merita
2475 4103 2546 4167 in
2586 4103 2900 4186 passione,
2942 4120 3141 4185 quam
3185 4102 3256 4165 in
3304 4118 3571 4182 concep-

2018 4211 2214 4276 tione.
2244 4211 2671 4276 Concedendae
2699 4213 2850 4275 sunt
2874 4226 3032 4291 ergo
3059 4209 3180 4271 rati
3199 4226 3336 4273 ‚mes
3365 4212 3571 4272 osten-

2018 4318 2239 4384 dentes
2266 4319 2585 4384 Christum
2599 4366 2618 4399 ,
2651 4321 2794 4401 poet
2822 4316 3299 4398 conceptionem
3314 4364 3334 4394 ,
3373 4333 3565 4380 nsum

2019 4429 2085 4493 et
2113 4426 2489 4493 exercitium
2515 4423 2728 4495 meriti
2760 4422 3085 4487 habuisse.

2101 4539 2162 4601 ί.
2193 4531 2292 4597 Ad
2332 4532 2492 4597 illud
2522 4530 2693 4614 quod
2727 4529 3072 4613 opponitur
3091 4570 3114 4606 ‚
3142 4528 3314 4611 quod
3341 4530 3568 4609 poten-

2018 4640 2108 4703 tia
2135 4638 2555 4704 determinata
2582 4637 2664 4702 ed
2704 4654 2912 4700 unum
2941 4654 3071 4699 non
3109 4634 3260 4699 facit
3299 4651 3464 4717 opus
3489 4632 3568 4698 de

2018 4764 2260 4830 genere
2283 4744 2699 4811 laudabilium
2718 4792 2736 4823 ,
2767 4743 3108 4808 dicendum
3143 4741 3316 4825 quod
3359 4741 3567 4806 deter-

2020 4854 2295 4920 minatio
2322 4854 2620 4937 potentiae
2650 4852 2730 4916 ad
2772 4868 2984 4916 unum
3025 4854 3230 4934 potest
3270 4865 3405 4914 esse
3444 4848 3570 4913 (16-

2021 4961 2266 5045 pliciter
2279 5009 2298 5039 ,
2329 4958 2623 5026 videlicet
2650 4977 2763 5042 per
2804 4957 3238 5023 necessitatem
3280 4959 3529 5020 naturae
3539 5003 3562 5036 ,

2021 5073 2084 5133 et
2109 5088 2225 5152 per
2251 5066 2801 5133 confirmationem
2826 5065 3080 5148 gratiae.
3105 5062 3174 5128 Si
3204 5062 3287 5126 sit
3311 5078 3425 5146 per
3449 5081 3567 5126 ne-

2020 5181 2373 5245 cessitatem
2400 5181 2673 5257 naturae,
2711 5181 2867 5253 tunc
2901 5173 3069 5238 tollit
3090 5171 3335 5238 arbitrii
3364 5171 3562 5235 liber-

2020 5292 2240 5368 tatem,
2270 5304 2344 5352 ac
2386 5303 2501 5370 per
2533 5285 2655 5351 hoc
2695 5283 2860 5349 tollit
2902 5281 3281 5362 dignitatem
3325 5278 3561 5344 meriti.

2022 5393 2084 5461 Si
2117 5397 2336 5461 autem
2360 5394 2443 5458 sit
2469 5389 2912 5459 determinatio
2938 5386 3149 5453 meriti
3181 5404 3314 5470 per.
3331 5386 3566 5451 confir-
