4185 6288
1172 483 1553 551 DISTINCT.
1592 483 1780 550 XXII.
1824 484 2011 550 ΛΒΤ.
2057 483 2107 550 Ι.
2154 484 2456 563 QUAEST.
2503 485 2581 550 ll.

273 622 429 683 sunt
453 618 627 685 uniri
653 618 726 683 in
743 619 1034 686 eamdem
1056 620 1474 704 hypostasim,
1497 621 1586 685 ita
1602 622 1817 713 tamen

272 726 446 809 quod
471 727 579 791 illa
599 727 953 811 hypostasis
979 745 1061 793 ex
1095 728 1186 792 eis
1204 727 1421 808 :unitis
1439 746 1571 792 non
1597 728 1821 793 consti-

272 838 517 914 tuatur,
537 837 669 901 imo
691 837 786 901 eis
814 836 1075 901 uniatur
1107 836 1182 918 (a)
1203 836 1394 900 etiam
1420 836 1703 902 localiter
1728 856 1820 901 se-

272 943 514 1025 paratis
539 964 555 1006 ε
584 947 648 1008 et
668 943 790 1008 hoc
818 944 1010 1008 modo
1036 943 1216 1008 uniri
1252 943 1322 1008 in
1352 944 1648 1009 eamdem
1689 944 1821 1026 hy-

170 1039 174 1045 ’
274 1045 580 1127 postasim
602 1064 736 1111 non
754 1047 1111 1112 necessario
1130 1046 1276 1110 facit
1293 1046 1646 1125 hominem,
1669 1046 1823 1128 quia

274 1174 410 1220 non
438 1160 534 1221 est
570 1157 661 1222 ibi
687 1157 845 1221 unio
870 1175 987 1241 per
1012 1156 1528 1221 constitutionem
1566 1161 1818 1221 naturae

273 1263 513 1345 tertias,
557 1264 763 1347 qualis
799 1268 894 1329 est
932 1266 1088 1330 unio
1134 1265 1417 1351 materiae
1460 1267 1522 1329 et
1557 1264 1816 1345 formae,

273 1369 484 1452 qualis
545 1371 739 1436 etiam
790 1372 1143 1455 requiritur
1194 1373 1276 1438 ad
1328 1372 1609 1437 hominis
1660 1391 1817 1437 esse.

275 1476 358 1542 Et
385 1478 541 1561 quia
564 1478 687 1544 isto
713 1479 905 1545 modo
931 1481 1112 1544 unita
1147 1484 1332 1546 erant
1357 1480 1576 1544 anima
1601 1483 1665 1545 et
1689 1497 1822 1544 cor-

272 1603 401 1669 pus
416 1586 487 1651 in
501 1587 748 1653 Christo
768 1589 837 1652 in
851 1589 971 1653 trid
979 1607 1084 1670 uo,
1102 1609 1237 1656 non
1256 1591 1446 1656 modo
1462 1591 1819 1674 praemisso,

273 1692 419 1758 ideo
458 1712 593 1758 non
627 1693 917 1779 sequitur
956 1698 1128 1780 quod
1165 1697 1451 1764 Christus
1498 1697 1570 1764 in
1608 1698 1822 1763 triduo

272 1798 470 1864 fuerit
493 1798 714 1866 homo.

355 1910 419 1971 ὅ.
447 1906 549 1973 Ad
573 1907 733 1973 illud
759 1910 931 1992 quod
960 1909 1294 1994 objicitur,
1333 1911 1507 1995 quod
1536 1911 1826 1977 Christus

273 2012 344 2077 in
401 2014 617 2079 triduo
681 2018 934 2097 ,iacebat
994 2019 1062 2084 in
1107 2019 1396 2103 sepulcro
1418 2068 1438 2099 ,
1483 2020 1822 2085 dicendum

273 2121 450 2202 quod
475 2122 617 2188 talis
644 2123 881 2189 locutio
907 2129 1001 2191 est
1035 2145 1192 2192 vera
1216 2146 1331 2210 per
1357 2128 1820 2211 synecdochen.

272 2226 520 2293 Dicitur
546 2229 720 2293 enim
749 2230 1038 2299 Christus
1075 2234 1353 2316 jacuisse
1395 2235 1464 2298 in
1509 2235 1822 2319 sepulcre,

273 2335 431 2417 quia
455 2354 602 2419 pars
627 2337 1046 2403 humanitatis
1072 2342 1214 2423 ejus
1241 2342 1446 2424 J'acuit
1489 2342 1558 2406 in
1603 2344 1825 2426 sepul-

274 2460 408 2506 ατο.
468 2442 645 2509 Unde
689 2464 807 2510 nec
842 2446 1047 2529 jacuit
1100 2448 1190 2512 ibi
1237 2450 1594 2514 secundum
1651 2450 1824 2532 quod

272 2548 509 2630 homo,
552 2569 674 2615 nec
715 2552 1070 2618 secundum
1109 2556 1282 2638 quod
1324 2556 1520 2637 DeuS,
1565 2557 1675 2622 sed
1721 2576 1821 2622 se-

275 2656 566 2721 cundum
613 2658 856 2742 aliquid
897 2659 1200 2725 hominis.
1257 2661 1436 2728 Sicut
1484 2683 1645 2745 ergo
1691 2682 1826 2730 non

272 2763 564 2847 sequitur
593 2784 611 2828 ε
653 2788 683 2827 α
714 2765 940 2831 Petrus
970 2774 1065 2832 est
1090 2768 1158 2833 in
1186 2770 1439 2835 tumulo
1457 2819 1475 2849 ,
1505 2790 1663 2853 ergo
1699 2769 1826 2837 Pe-

273 2874 418 2935 trus
443 2877 539 2936 est
566 2873 795 2954 hom03
822 2894 855 2934 n
877 2874 968 2939 sic
995 2875 1188 2941 etiam
1216 2875 1706 2961 intelligendum
1733 2884 1829 2945 est

273 2978 347 3043 in
372 2981 722 3062 proposito.
1057 3029 1063 3035 -

357 3091 420 3153 6.
452 3087 551 3153 Ad
576 3088 733 3156 illud
764 3089 936 3173 quod
965 3090 1295 3175 objicitur,
1331 3094 1503 3177 quod
1546 3094 1828 3163 Christus

274 3196 348 3260 in
411 3197 874 3280 sempiternum
931 3199 1050 3263 fuit
1103 3201 1390 3266 sacerdos
1411 3248 1431 3280 ,
1487 3204 1826 3270 dicendum

275 3303 451 3386 quod
477 3304 905 3371 sacerdotium
935 3305 1166 3372 Christi
1187 3308 1419 3374 dicitur
1444 3311 1636 3376 fuisse
1663 3330 1829 3377 sem·

275 3409 636 3494 piternum,
663 3430 799 3477 non
840 3416 994 3497 quia
1023 3434 1276 3500 semper
1317 3417 1508 3484 suerit
1538 3421 1830 3486 sacerdos

276 3519 533 3599 inactu,
556 3521 667 3587 sed
691 3523 848 3606 quia
871 3523 964 3587 ihi
991 3525 1339 3590 sacerdotio
1366 3524 1622 3592 nullum
1651 3527 1828 3594 aliud

275 3629 603 3695 successit.

339 3738 424 3798 ¹7.
453 3735 552 3800 Ad
575 3736 937 3821 illud''quod
965 3738 1301 3824 objicitur,
1332 3740 1504 3825 quod
1545 3741 1832 3808 Christus

277 3841 350 3906 in
393 3843 607 3909 triduo
650 3844 924 3911 habebat
961 3847 1245 3912 animam
1288 3850 1667 3915 rationalem
1708 3851 1830 3914 sibi

279 3950 532 4015 unitam
550 4000 570 4031 ,
639 3970 802 4034 ergo
866 3958 1003 4034 erat
1067 3956 1431 4035 rationalis3
1493 3957 1831 4023 dicendum

276 4058 453 4140 quod
480 4058 604 4124 hoc
630 4078 763 4125 non
788 4062 1082 4145 sequitur
1098 4111 1116 4141 ,
1145 4063 1272 4127 nisi
1297 4064 1693 4147 intelligatur
1719 4082 1834 4148 per

277 4165 749 4247 synecdochen,
779 4185 897 4250 pro
923 4187 1001 4234 eo
1028 4169 1200 4252 quod
1227 4170 1529 4235 idiomata
1553 4172 1834 4254 partium

276 4271 562 4337 hominis
603 4292 734 4339 non
768 4274 874 4340 hic
912 4278 1472 4342 communicantur
1509 4277 1836 4362 hypostasi

277 4376 509 4460 Verbi,
558 4380 686 4446 nisi
732 4384 1052 4450 mediante
1096 4389 1231 4450 toto
1274 4388 1414 4468 conj
1424 4391 1616 4450 uncto
1653 4404 1834 4450 com-

279 4486 722 4555 municatione
764 4491 1049 4575 propria.
1096 4491 1176 4557 Et
1201 4493 1510 4578 quoniam
1548 4492 1835 4558 Christus

278 4597 437 4658 tunc
462 4612 593 4660 non
638 4604 775 4662 erat
816 4599 1037 4680 homo,
1066 4600 1207 4666 ideo
1254 4619 1388 4666 non
1426 4603 1672 4684 poterat
1710 4602 1834 4667 dici

278 4700 468 4766 albus
492 4703 738 4770 ratione
760 4707 1065 4789 corporiS,
1087 4726 1207 4772 nec
1233 4707 1563 4772 rationalis
1587 4708 1834 4773 ratione

278 4810 540 4893 animae,
569 4813 697 4879 nisi
722 4834 839 4899 per
864 4816 1327 4898 synecdochen,
1352 4816 1646 4881 videlicet
1662 4817 1835 4901 quod

277 4920 558 4986 habebat
596 4940 831 5007 corpus
872 4924 1118 5005 album,
1150 4929 1211 4989 et
1253 4925 1538 4989 animam
1579 4924 1839 4990 ratioci-

278 5034 565 5096 nantem.
623 5028 804 5109 Quod
857 5050 1019 5114 ergo
1060 5033 1292 5098 dicitur
1337 5054 1355 5097 ε
1412 5055 1446 5095 α
1489 5033 1667 5112 Quod
1715 5033 1834 5098 ha-

277 5136 390 5202 bet
421 5137 495 5221 (b)
527 5138 815 5204 animam
848 5140 1225 5205 rationalem
1258 5140 1381 5204 sibi
1427 5142 1671 5206 unitam
1695 5189 1713 5222 ‚
1744 5143 1840 5207 est

277 5244 610 5325 rationale,
627 5268 658 5307 n
685 5246 1028 5312 dicendum
1046 5247 1220 5331 quod
1243 5248 1366 5313 hoc
1388 5249 1579 5313 habet
1592 5250 1836 5315 verita-

342 5403 410 5472 (α)
437 5406 519 5457 ΑΙ.
551 5407 741 5460 unitur.
763 5409 918 5472 -(l1)
948 5409 1066 5471 Edi,
1098 5408 1254 5465 Vatia.
1288 5408 1474 5461 dicitur
1500 5411 1640 5475 quod
1659 5412 1831 5463 habet.

277 5480 424 5531 Edit.
457 5479 621 5531 ἣκει.
647 5483 764 5531 Π53
793 5496 809 5531 ε
840 5479 1026 5531 dicitur
1046 5482 1186 5545 quod
1214 5494 1323 5532 non
1348 5480 1523 5532 habet.

3357 484 3477 551 463

1925 624 2090 701 tem,
2122 620 2176 684 si
2207 620 2601 703 intelligatur
2627 621 2705 685 de
2740 620 2981 684 unione
3025 638 3173 704 quae
3215 625 3309 685 est
3349 623 3477 687 for-

1925 744 2054 793 mae
2107 729 2189 794 ad
2243 730 2612 808 materiam;
2661 729 2783 793 hoc
2827 733 3047 792 autem
3104 729 3295 795 modo
3346 748 3480 794 non

1925 836 2276 901 uniebatur
2313 837 2533 913 anima
2561 836 2792 901 Christi
2836 834 3082 901 Christo
3125 836 3197 901 in
3241 837 3474 902 tridu0.

1927 940 2106 1008 Unde
2157 961 2291 1009 non
2344 945 2635 1028 sequitur
2678 942 2848 1027 quod
2892 944 3114 1009 fuisset
3140 927 3146 937 ⁸
3168 944 3368 1010 homo
3413 945 3482 1009 in

1925 1051 2164 1117 triduo.

2435 1185 2842 1265 QUAESTIO
2895 1187 2983 1252 11.

1929 1337 2026 1394 An
2055 1337 2323 1406 Christus,
2351 1337 2635 1396 secundum
2662 1336 2806 1408 quod
2828 1336 3014 1405 homo,
3054 1338 3227 1406 tuem
3265 1340 3329 1394 in
3366 1338 3477 1396 loco

2494 1426 2850 1482 detminata
2880 1423 2919 1482 ¹.

2013 1586 2242 1652 Utrum
2283 1588 2600 1666 Christus,
2632 1586 2987 1652 secundum
3031 1587 3203 1670 quod
3247 1587 3443 1653 homo
3465 1640 3480 1668 ,
3512 1586 3720 1630 Fundan-

1929 1696 2121 1760 fuerit
2163 1696 2232 1759 in
2274 1695 2414 1760 loco
2458 1694 2912 1773 determinato,
2962 1712 3046 1759 an
3088 1695 3378 1779 ubique3
3423 1703 3485 1761 et

1931 1802 2104 1886 quod
2146 1802 2338 1867 fuerit
2378 1802 2448 1865 in
2494 1802 2632 1867 loco
2676 1801 3122 1881 determinatO,
3176 1803 3437 1869 videtur
3462 1853 3480 1884 ,

1930 1910 2086 1993 quia
2123 1910 2429 1989 Christus,
2470 1910 2824 1975 secundum
2867 1910 3039 1993 quod
3078 1910 3299 1987 homo,
3348 1930 3482 1976 non

1932 2019 2090 2095 fuit,
2118 2018 2242 2082 nisi
2287 2019 2400 2083 ubi
2437 2019 2559 2083 fuit
2585 2018 2805 2082 anima
2831 2020 2972 2100 ejus
2993 2066 3011 2097 ,
3041 2022 3104 2081 et
3146 2036 3294 2082 caro
3325 2039 3341 2082 ε
3377 2019 3487 2082 sed

1937 2125 2155 2190 anima
2180 2128 2321 2207 eJus
2349 2129 2412 2190 et
2437 2143 2584 2191 caro
2611 2126 2888 2190 nonfuit
2925 2124 3050 2188 nisi
3085 2124 3153 2188 in
3194 2124 3330 2189 loco
3374 2125 3485 2189 de-

1942 2234 2282 2299 terminato
2336 2254 2355 2298 :
2398 2250 2556 2316 ergo
2621 2251 2741 2298 nec
2805 2231 3091 2297 Christus
3134 2231 3488 2298 secundum

1941 2341 2112 2424 quod
2139 2341 2356 2405 homo.

2017 2447 2175 2512 Item
2202 2447 2509 2524 Christus,
2544 2446 2899 2512 secundum
2927 2445 3100 2528 quod
3126 2445 3324 2511 homo
3341 2495 3358 2527 ,
3387 2465 3491 2511 as-

1933 2554 2205 2637 sumpsit
2229 2554 2585 2618 humanam
2628 2553 2929 2618 natumm
2973 2552 3044 2616 in
3088 2557 3351 2619 atomo:
3381 2554 3492 2618 sed

1934 2659 2225 2726 humana
2267 2666 2499 2726 natura
2537 2661 2605 2725 in
2654 2665 2869 2725 atomo
2914 2665 3008 2725 est
3053 2659 3343 2725 humana
3380 2680 3493 2726 na-

1934 2772 2081 2835 tura
2108 2769 2177 2832 in
2201 2769 2578 2847 individuo;
2612 2773 2677 2833 et
2704 2767 3113 2833 individuum
3145 2773 3240 2832 est
3265 2786 3489 2834 neces-

1935 2875 2103 2939 sario
2127 2875 2233 2963 hic
2259 2878 2323 2940 et
2350 2894 2543 2956 nuuc,
2571 2876 2739 2941 etita
2768 2876 2839 2939 in
2864 2875 3003 2940 loco
3032 2875 3488 2947 determinato:

1937 3000 2095 3064 ergo
2123 2981 2433 3062 ChristuS,
2462 2984 2816 3048 secundum
2845 2983 3018 3067 quod
3052 2983 3272 3065 homo,
3300 2984 3492 3049 estin

1936 3088 2075 3156 loco
2103 3090 2543 3157 determinato.

2016 3198 2178 3263 Item
2223 3198 2606 3282 cuicumque
2638 3200 2940 3264 convenit
2984 3200 3231 3264 moveri
3262 3217 3493 3264 secun·

1937 3307 2091 3371 dum
2120 3306 2366 3386 locum,
2397 3306 2697 3372 convenit
2723 3307 2783 3371 ei
2814 3323 2952 3372 esse
2985 3306 3056 3371 in
3095 3306 3234 3371 loco
3275 3306 3484 3371 deter-

1935 3416 2178 3481 minato
2211 3434 2227 3479 :
2261 3416 2370 3481 sed
2398 3415 2683 3482 Christus
2714 3418 3069 3481 secundum
3096 3417 3268 3501 quod
3296 3417 3493 3482 homo
3572 3436 3576 3440 ·

1936 3523 2258 3589 descendit
2292 3523 2372 3588 ad
2410 3524 2679 3604 interm,
2727 3528 2791 3589 et
2830 3524 3110 3590 ascendit
3135 3524 3217 3589 ad
3245 3524 3438 3588 coelos
3471 3544 3486 3588 :

1937 3649 2118 3713 ergO,
2150 3635 2271 3696 etc.

2019 3738 2180 3803 Item
2202 3787 2221 3817 ,
2265 3737 2437 3822 quod
2480 3737 2766 3804 Christus
2810 3739 2892 3802 sit
2916 3739 2987 3803 in
3016 3739 3308 3822 pluribus
3337 3738 3490 3804 locIs

1938 3845 2294 3910 secundum
2327 3845 2499 3928 quod
2540 3845 2768 3926 homo,
2800 3847 2922 3910 hoc
2946 3864 3075 3910 non
3103 3847 3296 3912 habet
3315 3896 3334 3928 ,
3365 3848 3490 3911 nisi

1938 3954 2092 4036 quia
2111 3953 2232 4017 sub
2252 3957 2647 4018 sacramento
2670 3976 2684 4018 :
2710 3953 2764 4016 si
2779 3972 2942 4036 ergo
2960 3959 3117 4019 tunc
3136 3956 3257 4020 sub
3284 3975 3490 4021 sacra-

1937 4063 2154 4124 mento
2180 4078 2313 4124 non
2351 4062 2519 4137 erat,
2549 4077 2708 4143 ergo
2748 4060 2818 4125 in
2855 4062 3069 4145 aliquo
3110 4063 3249 4128 loco
3274 4064 3487 4147 ipsum

1937 4167 2211 4231 existere
2237 4168 2588 4251 oportebat.

2018 4273 2144 4339 Sed
2189 4277 2410 4339 contra
2455 4297 2470 4340 ε
2515 4281 2576 4339 1.
2626 4273 3065 4359 Quaecumque
3114 4279 3263 4340 suut
3310 4276 3490 4342 unita
3516 4292 3579 4336 Ad
3601 4306 3707 4352 opp.

1937 4379 2444 4464 inseparabiliter
2466 4428 2484 4458 ‚
2532 4381 2923 4466 ubicumque
2972 4401 3183 4448 unum
3235 4386 3369 4461 est,
3429 4390 3492 4448 et

1938 4488 2264 4570 reliquum
2295 4508 2312 4551 ε
2340 4487 2450 4552 sed
2477 4487 2766 4552 humana
2793 4493 3026 4555 natum
3051 4490 3235 4555 unita
3270 4495 3364 4555 est
3389 4490 3489 4554 in-

1938 4595 2376 4678 separabiliter
2389 4644 2411 4676 ,
2441 4598 2504 4659 et
2542 4601 2678 4660 erat
2708 4601 2861 4661 tunc
2888 4596 3096 4662 Verbo
3133 4596 3488 4678 Dei·unita,

1940 4704 2113 4788 quod
2156 4708 2252 4768 est
2286 4705 2527 4787 ubique
2560 4727 2575 4769 ε
2607 4723 2765 4786 ergo
2806 4706 2861 4767 si
2894 4703 3180 4769 Verbum
3214 4708 3311 4768 est
3353 4706 3495 4769 ubi-

1939 4827 2091 4895 que,
2122 4814 2185 4875 et
2208 4811 2495 4875 humana
2521 4816 2753 4876 natura
2778 4812 2848 4875 in
2877 4810 3105 4876 Verbo.

2020 4923 2080 4983 2.
2116 4918 2274 4982 Item
2301 4937 2726 5001 quaecumque
2765 4924 2917 4983 sunt
2942 4919 3112 4983 idem
3149 4919 3215 4981 in
3247 4937 3492 5003 suppo-

1940 5025 2094 5102 sit0,
2121 5025 2515 5116 ubicumque
2541 5030 2636 5090 est
2663 5045 2869 5090 unum
2889 5075 2907 5106 ,
2951 5030 3015 5090 et
3040 5026 3399 5110 reliquum3
3434 5029 3492 5093 si

1940 5133 2115 5198 enim
2143 5132 2355 5217 aliqua
2383 5133 2510 5197 duo
2534 5133 2888 5199 accidentia
2913 5135 3220 5199 uniantur
3258 5133 3327 5198 in
3355 5154 3490 5201 uno

2006 5334 2026 5370 ¹
2042 5333 2125 5398 Cf.
2144 5332 2288 5384 Alex.
2310 5331 2525 5396 Alensis,
2547 5344 2601 5395 p.
2622 5331 2708 5392 III,
2727 5345 2777 5396 q.
2795 5342 2906 5396 xlx,
2924 5332 3113 5384 memb.
3129 5334 3191 5396 ⁵3
3214 5334 3268 5386 S.
3285 5332 3490 5396 Thom„

1942 5407 2010 5459 III
2030 5406 2189 5468 Sene,
2212 5404 2332 5456 dist.
2348 5416 2482 5466 uu,
2504 5417 2556 5468 q.
2576 5415 2615 5453 11
2627 5418 2646 5467 ς
2673 5404 2931 5468 Richard.‚
2949 5405 3015 5455 III
3035 5404 3197 5468 Sem„
3210 5404 3329 5456 dist.
3345 5416 3491 5469 xxu,

1941 5497 1993 5549 q.
2021 5494 2058 5533 11
2078 5497 2097 5546 ς
2128 5480 2304 5545 Steph.
2332 5478 2546 5542 Brulef.,
2574 5478 2641 5531 III
2673 5479 2832 5543 Seni„
2856 5479 2972 5534 dist.
2997 5493 3126 5541 xlm,
3162 5494 3212 5545 q.
3244 5492 3302 5532 11.
