4185 6288
1280 511 1478 579 DIST.
1515 509 1621 577 xl.
1661 505 1843 576 ΛΒΤ.
1889 511 1938 578 1.
1983 511 2281 592 QUAEST.
2329 517 2407 584 11.

249 649 358 714 tia.
411 649 484 714 Si
522 653 749 715 autem
786 648 1130 733 loquamur
1170 651 1485 732 quantum
1527 647 1609 713 ad
1629 664 1785 710 oon·-

250 761 538 820 notatum
562 805 582 831 ,
613 756 786 839 quod
817 755 1080 839 quidem
1106 760 1203 819 est
1234 755 1442 837 gratia
1466 759 1530 818 et
1556 752 1786 836 gloria,

250 868 405 927 tunc
448 864 979 944 distinguendum
1022 868 1154 941 est,
1198 862 1371 945 quod
1417 861 1653 944 duplex
1697 864 1791 924 est

247 970 574 1054 exemplar
607 993 622 1035 :
651 970 973 1053 quoddam
998 970 1263 1035 interius
1290 969 1362 1034 in
1392 974 1605 1034 mente
1631 968 1784 1032 arti-

246 1079 401 1158 fici3‚
431 1079 600 1143 sicut
623 1078 786 1142 ratio
810 1078 1162 1143 secundum
1179 1096 1373 1159 quam
1398 1078 1626 1142 artifex
1646 1095 1788 1160 pro-

244 1185 416 1248 ducit
437 1203 558 1248 sua
584 1202 780 1267 opera
799 1207 817 1262 3
854 1184 1173 1267 quoddam
1191 1185 1494 1263 exteriuS‚
1515 1185 1594 1249 ad
1614 1184 1786 1266 quod

245 1293 554 1375 aspiciens
584 1292 691 1356 ille
708 1293 822 1374 qui
841 1281 1097 1373 ignorat
1113 1295 1340 1371 artem,
1363 1291 1581 1373 aliquo
1598 1291 1786 1354 modo

244 1399 581 1479 regulatur
609 1420 624 1463 ε
655 1400 823 1464 sicut
859 1400 950 1463 illi
978 1400 1254 1464 artifices
1281 1398 1633 1463 mechanici
1668 1399 1784 1462 ali·

243 1523 401 1587 quas
449 1506 692 1570 formas
740 1507 1025 1570 exterius
1085 1505 1323 1570 habent
1353 1553 1371 1581 ‚
1432 1506 1784 1571 secundum

244 1629 402 1694 quas
445 1613 743 1694 dirigunt
781 1631 975 1695 opera
1014 1631 1157 1692 sua,
1202 1611 1365 1676 sicut
1394 1616 1564 1695 patet
1590 1614 1654 1676 in
1685 1613 1787 1677 his

244 1719 353 1801 qui
377 1720 627 1783 faciunt
644 1719 1086 1784 calceamenta.
1106 1719 1173 1784 Si
1193 1738 1350 1802 ergo
1367 1719 1577 1804 primo
1597 1720 1785 1785 modo

240 1826 589 1909 loquamur
604 1828 685 1893 de
704 1827 1255 1910 praedaetinatione
1280 1827 1512 1892 Christi
1540 1829 1785 1893 ratione

241 1936 559 1999 connotati
578 1984 597 2014 ,
650 1936 862 2002 adhuc
902 1935 1370 2018 praedoetinatio
1398 1935 1627 2000 Christi
1654 1955 1785 2001 non

238 2049 332 2106 est
350 2049 592 2109 nostrae
619 2045 1189 2128 praedestinationis
1211 2045 1540 2127 exemplar
1569 2064 1587 2109 t
1619 2044 1784 2109 Deus

237 2151 404 2213 enim
456 2165 590 2216 non
632 2153 1106 2235 praedestinavit
1169 2171 1288 2217 nos
1347 2153 1656 2236 aspiciens
1702 2154 1783 2217 ad

237 2256 496 2340 aliquod
542 2257 720 2323 aliud
757 2277 795 2322 a
822 2277 914 2339 se,
946 2259 1055 2323 sed
1083 2260 1587 2343 unumquodque
1617 2278 1784 2343 prae-

239 2364 393 2428 vidit
428 2365 500 2428 in
528 2384 620 2443 se,
660 2371 726 2430 et
749 2367 1058 2449 disposuit
1081 2369 1438 2432 secundum
1469 2368 1781 2432 rationem

239 2473 583 2555 propriam.
632 2473 700 2537 Si
740 2492 896 2538 vero
945 2474 1288 2557 loquamur
1327 2474 1406 2539 de
1433 2476 1784 2559 exemplari

235 2580 514 2644 secundo
560 2580 751 2644 modo
780 2629 798 2657 ‚
831 2581 922 2645 sic
944 2581 1414 2665 praedestinatio
1444 2582 1671 2647 Christi
1692 2589 1787 2648 est

237 2685 564 2769 exemplar
617 2691 853 2751 nostrae
908 2687 1506 2770 praedesfinationis;
1563 2708 1785 2754 exem-

239 2793 408 2874 plar,
466 2793 735 2876 inquam
756 2841 774 2871 ‚
835 2794 1248 2871 directivum‚
1307 2813 1438 2858 non
1487 2802 1779 2879 respectu

238 2903 472 2966 summi
499 2901 785 2980 artificis,
839 2903 948 2966 sed
988 2908 1280 2985 respectu
1326 2903 1527 2967 nostri
1555 2909 1685 2969 tam
1714 2905 1780 2968 iu

239 3009 583 3086 credendis,
608 3028 805 3092 quam
828 3009 896 3073 iu
913 3010 1339 3091 expectandis,
1361 3029 1556 3094 quam
1584 3013 1779 3076 etiam

243 3114 303 3179 in
327 3116 667 3199 operandis
698 3138 713 3180 :
747 3122 901 3182 tunc
945 3118 1119 3182 enim
1150 3123 1246 3183 est
1285 3119 1355 3183 in
1394 3119 1577 3183 nobis
1615 3124 1784 3185 recte

242 3226 444 3306 gratia
472 3225 602 3305 Dei,
633 3226 890 3308 quando
916 3225 1160 3291 Christo
1189 3228 1507 3293 efficimur
1533 3229 1782 3294 consor-

243 3350 374 3396 mes
405 3355 421 3395 ε
457 3337 517 3396 et
548 3332 699 3396 talia
718 3333 910 3396 etiam
938 3351 1053 3416 per
1075 3335 1354 3415 gratiam
1389 3336 1607 3400 futura
1632 3340 1785 3401 sunt

241 3457 505 3523 corpora
524 3445 762 3517 nostra,
789 3441 977 3523 quale
1010 3441 1295 3506 Christus
1314 3461 1433 3507 sua
1472 3460 1784 3510 resurrec-

246 3547 407 3611 tione
464 3548 876 3626 monstravit‚
935 3539 1284 3613 secundum
1339 3552 1510 3632 quod
1565 3551 1785 3617 dicunt

245 3652 451 3717 Sancti
489 3673 506 3717 ε
549 3658 612 3717 et
655 3673 775 3718 nos
813 3655 933 3737 ipsi
969 3656 1022 3718 si
1055 3656 1354 3721 volumus
1377 3658 1460 3723 ad
1485 3659 1782 3723 ultimum

244 3760 816 3842 praedestinationis
856 3763 1209 3826 terminum
1249 3765 1582 3847 pervenire
1600 3814 1618 3842 ‚
1661 3786 1781 3830 ne-

245 3884 406 3931 eesse
447 3867 762 3931 habemus
806 3869 826 3904 ¹
862 3872 935 3935 in
968 3874 1286 3937 auctorem
1333 3871 1492 3953 fidei
1529 3880 1587 3939 et
1632 3890 1780 3939 con-

245 3984 701 4056 summatorem,
732 3978 844 4060 qui
870 3983 965 4042 est
988 3979 1293 4059 christun,
1317 3983 1624 4062 aspicere,
1667 3984 1780 4065 qui

243 4086 609 4169 exemplum
638 4086 806 4150 dedit
860 4088 1065 4169 nobiS,
1114 4092 1188 4152 ut
1244 4089 1781 4170 quemadmodum

240 4191 370 4274 ipse
395 4193 571 4269 fecit,
614 4198 678 4257 et
702 4213 820 4257 nos
847 4194 1184 4269 iaciamus,
1229 4194 1779 4281 Quemadmodum

239 4302 426 4365 etiam
450 4300 681 4365 Petrus
696 4300 847 4365 dicit
871 4308 894 4342 ¹
925 4324 941 4366 :
978 4301 1264 4369 christus
1286 4320 1522 4386 passus
1539 4312 1634 4373 est
1659 4323 1781 4389 pro

236 4408 450 4489 nobis,
498 4408 678 4474 vobis
719 4410 1078 4491 relinquens
1128 4410 1500 4493 exemplum.
1548 4413 1624 4477 Et
1664 4432 1780 4495 pro

238 4519 406 4579 tanto
435 4514 586 4579 dicit
610 4516 1035 4598 Augustinus,
1061 4519 1233 4600 quod
1256 4519 1391 4601 ipse
1419 4525 1515 4585 est
1551 4545 1581 4582 e
1610 4540 1777 4604 prae-

234 4625 658 4690 clarissimum
707 4624 930 4689 lumen
986 4630 1220 4690 nostrae
1279 4628 1779 4709 praedestinatio-

235 4733 356 4812 niS,
383 4756 416 4793 ι»
441 4732 628 4816 quasi
648 4731 906 4797 Deusad
931 4751 1463 4818 unumquemque
1485 4740 1777 4802 nostrum

235 4840 397 4904 dicat
420 4841 444 4875 ¹
469 4859 489 4906 ε
519 4840 784 4921 Aspice,
816 4844 873 4906 et
896 4841 1004 4921 tac
1035 4841 1389 4907 secundum
1429 4846 1773 4927 exemplar,

237 4947 403 5029 quod
430 4947 552 5014 tibi
578 4949 652 5030 in
678 4953 888 5014 monte
926 4954 1350 5016 monstratum
1375 4956 1497 5030 est,
1524 4950 1645 5015 hoe
1685 4956 1779 5017 aet

237 5055 301 5117 in
321 5054 586 5133 Christo,
645 5057 835 5137 cujus
884 5055 1110 5119 omnia
1141 5056 1249 5120 illa
1275 5055 1517 5122 Veteris
1562 5057 1775 5124 Testa-

240 5164 430 5227 menti
455 5165 915 5248 apparamenta
935 5162 1413 5244 fueruntsigna
1435 5169 1536 5229 :et
1561 5166 1628 5230 in
1654 5166 1777 5231 hoc

241 5272 420 5321 sensu
468 5256 730 5323 concedi
785 5259 1021 5338 potest,
1087 5257 1257 5339 quod
1313 5258 1778 5339 praedestinatio

305 5431 319 5466 ¹
345 5431 506 5500 Hebr„
531 5446 629 5498 ιιι,
665 5437 720 5485 2.
754 5458 813 5468 -
835 5431 858 5465 ¹
885 5432 904 5482 1
933 5431 1093 5493 Petr„
1120 5443 1181 5492 11,
1208 5434 1288 5484 2¹.
1309 5458 1362 5471 —
1384 5433 1408 5472 ⁸
1428 5434 1614 5498 Eud„
1651 5449 1776 5501 xxv,

247 5503 383 5553 m.-
399 5508 417 5539 ⁴
435 5508 599 5572 laam,
618 5517 745 5570 vm,
762 5504 847 5556 56.

3323 528 3439 588 247

1897 648 2127 714 Christi
2150 652 2533 736 exemplaris
2563 657 2769 719 torma
2792 654 2876 720 sit
2906 660 3139 720 nostrae
3161 657 3443 740 praedes-

1896 757 2245 825 tinationis.

1977 866 2035 928 1.
2066 866 2165 930 Ad
2193 865 2350 930 illud
2380 868 2553 950 quod
2582 867 2881 950 objicitur
2920 869 2988 933 in
3023 871 3439 952 contrarium,

1895 973 2067 1053 quod
2102 973 2228 1037 sint
2262 974 2573 1039 distincta»,
2615 979 2678 1039 et
2721 975 3052 1055 ordinatae,
3100 977 3441 1044 dicendum

1894 1080 2065 1162 quod
2096 1099 2176 1145 ex
2205 1081 2312 1146 illo
2334 1083 2532 1147 verbo
2557 1083 2851 1162 habetur,
2880 1085 3052 1168 quod
3078 1086 3246 1150 inter
3274 1104 3443 1168 prae-

1893 1187 2345 1253 destinationes
2370 1208 2410 1252 a
2446 1195 2623 1272 parte
2650 1195 3134 1256 connotatorum
3177 1199 3271 1258 est
3310 1194 3439 1258 dis-

1892 1294 2135 1374 tinctio,
2168 1295 2258 1359 sic
2286 1304 2501 1361 tamen
2543 1298 2713 1380 quod
2757 1317 2889 1383 non
2925 1301 3096 1364 deest
3137 1301 3292 1366 ordo
3330 1325 3346 1367 t
3380 1306 3443 1367 et

1892 1400 2056 1479 iden,
2084 1402 2381 1483 quamvis
2408 1407 2645 1468 nostrae
2662 1405 3233 1487 praedestinationis
3260 1409 3442 1474 effec-

1893 1510 1997 1569 tus
2038 1505 2120 1570 ab
2169 1508 2398 1573 effectu
2447 1511 3023 1592 praedestinationis
3079 1515 3305 1581 Christi
3362 1518 3440 1581 sit

1891 1611 2250 1693 distinctim,
2280 1620 2486 1698 potoet
2511 1622 2727 1683 tamen
2769 1619 3006 1686 habere
3044 1623 3333 1687 ordinem
3360 1625 3441 1689 ad

1891 1719 2127 1802 ipsum,
2159 1723 2516 1788 secundum
2544 1743 2737 1807 quem
2761 1732 2855 1791 est
2872 1728 3134 1793 directio
3158 1733 3222 1797 et
3247 1749 3439 1812 regu-

1889 1826 2064 1904 latio‚
2095 1832 2158 1891 et
2180 1848 2294 1911 per
2325 1829 2446 1895 hoc
2474 1832 2773 1914 quaedam
2810 1835 2973 1899 ratio
3010 1839 3434 1919 exemplandi.

1969 1939 2030 1999 2.
2062 1935 2159 2000 Ad
2185 1937 2339 2001 illud
2371 1939 2542 2021 quod
2566 1940 2910 2022 obiicitur,
2951 1944 3117 2025 quod
3162 1947 3440 2026 praedes-

1889 2045 2116 2109 tinatio
2159 2045 2300 2128 ipsa
2339 2052 2435 2110 est
2472 2050 2840 2131 exemplar,
2881 2050 3219 2115 dicendum
3270 2053 3440 2135 quod

1888 2168 2121 2216 verum
2149 2157 2244 2216 est
2269 2154 2348 2218 de
2372 2156 2617 2219 ratione
2658 2156 3023 2239 principalis
3060 2159 3434 2238 significatu

1889 2263 1952 2323 et
1979 2266 2296 2343 quantum
2328 2265 2408 2327 ad
2445 2263 2567 2328 hoc
2606 2265 2768 2329 bene
2806 2267 3281 2332 concedendum
3321 2272 3436 2348 est,

1890 2369 2060 2450 quod
2115 2389 2246 2434 una
2293 2371 2760 2453 praedestinatio
2802 2391 2932 2437 non
2981 2378 3077 2438 est
3112 2375 3439 2458 exemplar

1890 2474 2152 2540 ulterius
2182 2496 2199 2540 τ
2232 2479 2341 2542 sed
2364 2479 2612 2542 ratione
2650 2480 2975 2543 connotati
3004 2483 3099 2544 est
3117 2480 3437 2562 exempla-

1889 2587 2053 2662 tum,
2082 2586 2146 2648 et
2171 2584 2332 2648 nihil
2358 2586 2651 2667 prohibet
2676 2587 2932 2670 aliquod
2961 2605 3097 2650 esse
3125 2588 3433 2669 quodam-

1889 2689 2080 2755 modo
2110 2691 2570 2774 exemplatum,
2616 2698 2680 2757 et
2735 2693 3203 2776 quodammodo
3230 2713 3439 2759 exem-

1889 2798 2050 2881 plar.
2099 2797 2276 2863 Sicut
2304 2799 2465 2865 liber
2490 2801 2702 2884 primo
2726 2802 2927 2865 factus
2950 2802 3032 2864 ab
3068 2803 3305 2867 artifice
3346 2808 3440 2867 est
3549 2890 3554 2900 '

1890 2906 2221 2987 exemplar
2238 2910 2534 2988 respectu
2559 2906 2871 2971 librorum
2891 2908 3037 2971 inde
3053 2909 3434 2989 [lendorum3

1890 3011 2000 3075 sed
2054 3013 2454 3095 exemplatus
2502 3013 2621 3076 suit
2673 3015 2756 3077 ab
2813 3018 2948 3078 arte
3011 3015 3317 3081 existente
3368 3017 3440 3080 in

1892 3121 2104 3182 mente
2131 3119 2391 3182 artificis
2423 3140 2437 3183 t
2464 3118 2554 3182 sic
2581 3119 2740 3185 etin
2766 3121 2996 3187 effectu
3024 3121 3439 3205 praedestina-

1891 3225 2083 3290 tionis
2104 3227 2595 3309 intelligendum
2629 3233 2743 3292 est.

1972 3337 2031 3397 3.
2065 3333 2163 3398 Ad
2187 3334 2344 3397 illud
2372 3335 2546 3416 quod
2571 3335 2907 3417 objicitur,
2939 3336 3110 3419 quod
3156 3337 3433 3420 praedes-

1890 3441 2235 3506 tinationes
2265 3445 2416 3504 sunt
2445 3442 2659 3521 simul,
2696 3444 2836 3524 jam
2862 3446 3036 3524 patet
3059 3445 3385 3526 responsio
3404 3458 3436 3507 ἰ

1890 3548 2013 3613 hoo
2039 3550 2212 3611 enim
2246 3566 2474 3611 verum
2503 3552 2600 3612 est
2623 3553 2937 3630 quantum
2984 3550 3058 3613 ad
3091 3550 3438 3633 principale

1890 3660 2348 3741 significatum,
2382 3661 2491 3725 sed
2535 3664 2853 3743 quantum
2894 3661 2975 3724 ad
3023 3666 3437 3727 connotatum

1889 3769 2223 3833 veritatem
2253 3787 2382 3833 non
2407 3769 2639 3833 habet:
2685 3773 2750 3832 et
2787 3769 2929 3833 ideo
2963 3770 3124 3834 nihil
3148 3770 3433 3853 impedit,

1889 3878 2052 3959 quin
2080 3896 2162 3941 ex
2187 3878 2294 3941 illa
2323 3882 2501 3961 parte
2546 3877 2877 3958 contingat
2901 3878 3180 3960 reperire
3212 3897 3437 3943 exem-

1890 3985 2273 4068 plat-itatem.

1969 4093 2030 4156 Ιι.
2060 4094 2155 4157 Ad
2182 4094 2340 4158 illud
2372 4093 2544 4176 quod
2571 4092 2891 4175 objicitur,
2917 4092 3089 4176 quod
3112 4095 3440 4177 exemplar

1888 4202 2192 4285 praecedit
2211 4201 2648 4285 exemplatum
2670 4250 2688 4280 ‚
2718 4198 3059 4265 dicendum
3104 4201 3277 4284 quod
3320 4204 3440 4267 etsi

1889 4309 2173 4373 Christus
2195 4310 2450 4393 proprie
2473 4307 2788 4392 loquendo
2815 4328 2932 4373 sua
2949 4309 3082 4373 vita
3108 4327 3242 4373 non
3269 4309 3440 4375 dedit

1888 4417 2161 4480 formam
2217 4422 2283 4482 et
2333 4415 2702 4500 exemplum
2750 4417 2872 4479 nisi
2924 4417 3056 4497 his,
3092 4417 3205 4499 qui
3240 4418 3440 4483 secuti

1886 4530 2040 4589 sunt
2067 4543 2218 4589 eum
2242 4547 2259 4603 ;
2286 4534 2499 4591 tamen
2531 4525 2652 4587 sub
2678 4523 3060 4605 quibusdam
3097 4524 3437 4589 velamini-

1886 4632 2009 4698 bus
2057 4635 2423 4714 ssgurarum
2465 4632 2638 4695 dedit
2672 4631 3177 4715 praecedentibus
3195 4680 3211 4708 ‚
3261 4632 3436 4714 quod

1886 4742 2070 4807 nobis
2096 4742 2205 4806 dat
2230 4745 2443 4825 aperte
2472 4758 2489 4804 z
2521 4743 2584 4804 et
2616 4758 2766 4804 cum
2811 4740 3272 4804 exercebantur
3297 4739 3434 4821 spi-

1886 4849 2199 4912 ritualiter
2234 4851 2299 4911 et
2331 4846 2599 4911 fideliter
2626 4867 2659 4908 a
2685 4845 2842 4909 viris
2879 4846 3110 4908 sanctis
3145 4848 3209 4909 et
3246 4845 3431 4927 spiri-

1885 4955 2185 5033 tualibus,
2218 4971 2332 5035 per
2356 4953 2478 5017 hoc
2507 4953 2754 5016 Christo
2779 4951 3338 5015 conformabantur
3361 4952 3432 5016 in

1887 5061 2049 5137 vita,
2098 5078 2293 5142 quem
2321 5059 2437 5123 etsi
2478 5060 2770 5125 nondum
2795 5058 3086 5123 viderent
3111 5060 3180 5121 in
3215 5077 3429 5137 carne,

1871 5169 2188 5235 ·videbant
2205 5174 2420 5233 tamen
2442 5168 2587 5247 fide,
2602 5170 2791 5250 juxta
2810 5167 2964 5232 illud
2990 5168 3011 5204 ⁸
3041 5187 3058 5232 ε
3085 5169 3434 5236 Exultavit

1885 5283 1960 5343 ut
2011 5275 2260 5342 videret
2307 5274 2476 5369 dzfem
2512 5292 2760 5351 meum3
2802 5273 2977 5340 vidit
3018 5279 3075 5341 et
3129 5277 3432 5358 aravisus

1886 5392 1980 5453 est
2012 5406 2026 5449 :
2060 5389 2125 5448 et
2149 5384 2261 5465 ita,
2289 5383 2589 5467 quamvis
2619 5399 2747 5446 non
2774 5382 3165 5466 praecesserit
3199 5402 3303 5464 re,
3327 5383 3430 5448 vel

1883 5496 2192 5576 tempore,
2223 5489 2540 5575 praeemit
2561 5493 2778 5555 tamen
2812 5490 3338 5574 praefiguratione
3364 5493 3430 5554 et
