4185 6288
454 3597 660 3644 Fundam.
692 3607 696 3611 *

682 502 805 564 200

685 636 812 697 tem
828 636 1100 713 naturas,
1130 651 1262 697 non
1291 634 1508 698 tamen
1533 631 1876 698 conformis
1903 635 1999 697 est
2023 649 2230 715 quan·

685 743 826 804 tum
855 742 935 805 ad
962 741 1239 823 gratiam
1267 741 1564 806 unionis:
1595 746 1660 806 et
1675 742 1817 807 ideo
1842 741 1912 805 in
1931 757 2231 824 processu

684 846 792 912 illo
819 852 913 911 est
939 847 1405 930 paralogismus
1427 848 1788 928 accidentis,
1823 848 1972 931 quia
1995 864 2232 911 secun-

683 954 840 1019 dum
889 955 1081 1020 aliam
1130 960 1193 1020 et
1236 956 1427 1021 aliam
1457 956 1999 1040 comparationem
2049 973 2233 1018 com-

686 1060 969 1125 municat
1021 1081 1170 1126 cum
1215 1061 1505 1145 Virgine,
1536 1068 1601 1128 et
1626 1063 1981 1128 secundum
2038 1060 2233 1125 aliam

683 1166 952 1232 debetur
975 1170 1095 1233 sibi
1121 1171 1403 1235 adoratio
1430 1171 1655 1236 latriae.

763 1278 825 1338 4.
856 1275 954 1340 Ad
983 1277 1141 1342 illud
1186 1279 1357 1362 quod
1387 1278 1710 1361 oincitur,
1741 1278 1912 1361 quod
1947 1276 2235 1341 Christus

684 1382 1025 1448 honoravit
1045 1389 1315 1450 matrem
1342 1404 1551 1465 suam,
1574 1386 1914 1450 dicendum
1933 1384 2105 1468 quod
2130 1402 2234 1447 ve-

686 1509 833 1555 rum
859 1497 982 1572 est3
1016 1495 1125 1558 sed
1154 1494 1439 1558 Christus
1459 1512 1592 1557 non
1618 1493 1906 1558 adoravit
1919 1511 2060 1557 eam
2078 1491 2231 1555 ado·

684 1598 931 1663 ratione
980 1600 1206 1678 latrias,
1249 1601 1358 1666 sed
1398 1600 1796 1684 hyperduliae
1827 1622 1841 1665 :
1890 1618 2021 1665 non
2057 1598 2231 1662 enim

685 1705 973 1769 adoravit
997 1725 1140 1771 eam
1168 1713 1242 1772 ut
1268 1709 1476 1786 deam,
1508 1707 1616 1771 sed
1644 1711 1718 1770 ut
1744 1706 1916 1770 filius
1959 1709 2230 1769 matrem

686 1830 872 1877 suam
914 1836 928 1878 :
974 1813 1117 1879 ideo
1161 1816 1321 1879 bene
1362 1814 1677 1897 sequitur,
1725 1813 1897 1896 quod
1945 1812 2232 1877 Christus

688 1937 838 1983 vere
853 1923 1120 1984 matrem
1140 1939 1326 1985 suam
1340 1922 1525 1985 debet
1543 1921 1807 1985 adorare
1834 1922 1898 1984 et
1911 1920 2226 1999 venerari,

687 2027 851 2090 sicut
876 2027 1053 2091 decet
1081 2030 1349 2091 matrem
1379 2028 1487 2092 Dei
1516 2050 1531 2092 :
1570 2029 1678 2092 sed
1715 2047 1798 2092 ex
1824 2028 1945 2092 hoc
1971 2046 2103 2092 non
2127 2046 2233 2093 se-

686 2131 930 2213 quitur,
960 2133 1130 2215 quod
1153 2133 1305 2197 velit
1332 2134 1515 2197 illum
1543 2134 1855 2198 honorem
1904 2134 2094 2197 matri
2126 2152 2236 2197 ex—

686 2239 915 2316 hiberi,
945 2258 1140 2321 quem
1167 2242 1309 2305 vult
1328 2242 1619 2306 exhiberi
1645 2241 1788 2321 sibi,
1818 2260 1936 2324 pro
1968 2259 2045 2305 eo
2063 2242 2235 2323 quod

688 2344 778 2408 ita
804 2350 900 2411 est
927 2349 1133 2410 mater
1159 2346 1333 2428 quod
1362 2346 1612 2422 ancilla,
1636 2350 1700 2410 et
1714 2364 1985 2429 persona
2012 2345 2233 2409 matris

689 2451 758 2514 in
786 2452 1112 2515 infinitum
1159 2452 1424 2517 inferior
1452 2456 1549 2516 est
1593 2471 1865 2536 persona
1902 2453 2055 2517 filii:
2088 2453 2233 2519 ideo

689 2558 806 2622 etsi
829 2558 1111 2622 multum
1137 2558 1361 2623 debeat
1388 2558 1640 2623 adorari
1659 2563 1723 2623 et
1748 2560 1976 2638 amari,
2004 2560 2073 2623 in
2094 2560 2238 2623 infi-

692 2667 903 2730 nitum
927 2670 1143 2730 tamen
1168 2666 1389 2730 minus
1428 2667 1613 2730 debet
1635 2665 1884 2730 adorari
1912 2672 1976 2731 et
2000 2667 2230 2759 amari,

688 2772 1039 2838 secundum
1067 2774 1275 2855 legem
1294 2773 1562 2855 justitiae
1578 2778 1640 2837 et
1651 2777 1899 2837 rectum
1917 2772 2230 2851 ordinem,

688 2897 885 2962 quam
914 2880 1084 2944 filius
1118 2882 1280 2962 ejuS‚
1314 2881 1427 2963 qui
1446 2885 1541 2945 est
1572 2879 1709 2944 Rex
1735 2898 1992 2961 regum,
2023 2883 2088 2944 et
2121 2881 2236 2946 Do-

693 2987 908 3049 minus
931 2987 1421 3052 dominantium.

1208 3240 1568 3321 QUAESTIO
1611 3241 1717 3308 Ν.

748 3415 843 3470 An
869 3413 1041 3468 cultus
1071 3411 1254 3468 latrioe
1278 3413 1424 3467 eruci
1453 3411 1655 3468 Christi
1685 3408 2015 3467 eoehibendus
2040 3411 2116 3465 sit
2141 3408 2184 3463 ¹.

772 3574 999 3639 Utrum
1026 3570 1238 3636 cultus
1260 3571 1465 3636 latriae
1493 3572 1575 3636 sit
1615 3572 2018 3637 exhibendus
2062 3571 2240 3636 cruci

692 3680 958 3761 Christi3
1015 3684 1076 3745 et
1111 3678 1284 3763 quod
1327 3679 1437 3760 sic,
1476 3679 1753 3744 videtur.
1787 3679 1975 3746 Sicut.
2016 3696 2239 3744 exora-

693 3806 838 3852 mus
863 3804 1141 3864 crucem‚
1173 3787 1264 3850 sic
1317 3785 1660 3851 adoramus
1700 3805 1842 3851 eam
1885 3808 1901 3850 z
1936 3786 2046 3851 sed
2081 3804 2237 3849 cru-

693 3914 833 3961 cem
859 3912 1201 3960 exoramus
1226 3893 1334 3957 illa
1363 3894 1756 3976 exoratione,
1774 3913 1924 3978 quae
1953 3893 2241 3959 facienda

691 4007 787 4067 est
811 4002 906 4067 illi
951 4001 1091 4082 soli,
1121 4000 1234 4084 qui
1263 4000 1622 4065 adorandus
1646 4005 1742 4066 est
1768 4002 1948 4066 cultu
1979 4001 2183 4065 latriae
2216 4023 2234 4065 z

692 4128 851 4193 ergo
882 4109 1202 4174 adoranda
1229 4112 1325 4173 est
1367 4108 1572 4173 latriae
1618 4108 2005 4173 adoratione.
2037 4107 2243 4191 Major

696 4219 1029 4285 manifesta
1050 4221 1145 4283 est
1161 4237 1180 4298 ;
1204 4217 1416 4282 minor
1435 4217 1742 4300 probatur
1754 4234 1870 4300 per
1895 4215 2053 4283 illud
2069 4215 2241 4300 quod

696 4329 906 4392 cantat
932 4325 1207 4392 Ecclesia
1237 4326 1260 4360 ¹
1288 4348 1305 4387 z

946 4484 987 4535 Ο
1015 4483 1153 4533 Crux
1170 4518 1185 4544 ,
1215 4494 1341 4544 ave,
1372 4493 1490 4546 spes
1514 4481 1662 4532 unice
1682 4521 1697 4547 ,

944 4555 1056 4608 Hoc
1078 4552 1328 4619 passionis
1352 4555 1588 4617 tempore

945 4627 1088 4690 Auge
1113 4625 1212 4690 piIs
1230 4623 1479 4689 justitiam
1493 4663 1510 4689 ,

944 4699 1164 4764 Reisque
1193 4697 1331 4749 dona
1354 4697 1578 4749 veniam.

776 4835 901 4903 Sed
927 4854 1167 4919 augere
1198 4834 1532 4916 iustitiam,
1562 4836 1628 4899 et
1651 4832 1802 4899 dare
1828 4835 2087 4901 veniam
2101 4885 2121 4918 ,
2151 4839 2247 4901 est

694 4943 892 5008 solius
912 4943 1025 5008 Dei
1055 4962 1073 5007 z
1104 4959 1284 5025 erge,
1304 4945 1425 5006 etc.

775 5049 935 5116 Item
979 5050 1069 5114 sic
1105 5049 1448 5114 adoramus
1463 5097 1482 5127 ,
1527 5048 1621 5114 sic
1669 5048 2063 5133 alloquimur
2087 5069 2244 5117 cru-

764 5214 783 5250 ¹
814 5212 894 5274 Gr.
925 5212 1068 5264 Alex.
1091 5212 1320 5276 Mensis,
1346 5226 1400 5276 p.
1422 5213 1511 5276 111,
1532 5227 1583 5277 q.
1612 5225 1738 5277 xxx,
1758 5214 1953 5265 memb.
1982 5217 2032 5278 3,
2060 5217 2158 5266 ιιι-1,.
2187 5216 2215 5264 3
2225 5231 2244 5279 3

701 5284 981 5347 S.'l·bom.,
1011 5299 1064 5348 p.
1092 5285 1177 5347 ltt,
1206 5297 1259 5349 q.
1281 5295 1420 5347 ιιν,
1441 5288 1537 5334 art.
1568 5288 1626 5347 43
1659 5289 1710 5334 et
1732 5285 1800 5335 111
1831 5286 1990 5346 Seni„
2016 5286 2132 5337 dist.
2159 5298 2245 5351 ιι,

701 5370 753 5420 q.
783 5366 840 5417 11,
863 5360 960 5406 art.
992 5359 1039 5416 2,
1081 5370 1132 5419 q.
1164 5367 1243 5417 ιν,
1275 5354 1446 5419 AEgid.
1475 5355 1648 5414 Rom„
1685 5356 1753 5406 111
1794 5357 1954 5418 Sene„
1983 5357 2103 5407 dist.
2146 5369 2202 5409 ιι
2231 5394 2246 5420 ,

701 5442 755 5490 p.
781 5438 854 5489 ιι,
879 5440 930 5492 q.
962 5437 1022 5476 ιιι
1039 5442 1056 5489 ;
1079 5426 1418 5486 Richard.llt
1448 5425 1609 5488 Sene„
1635 5427 1753 5477 dist.
1777 5438 1852 5491 ιι,
1878 5433 1973 5479 art.
2002 5430 2053 5489 2.
2082 5441 2248 5492 q.111;

608 5517 613 5526 ’
705 5498 886 5563 Steph.
908 5495 1958 5562 sruler.‚1usent.,dist.u,q.1v;soan.
1988 5499 2052 5549 de
2082 5502 2242 5564 Base„

1814 493 2440 563 SENTENTIARUM
2474 496 2623 564 LlB.
2672 496 2782 563 111.

2339 651 2480 699 cem
2522 634 2705 716 quasi
2757 632 3270 716 intelligentem:
3302 632 3411 697 sed
3451 629 3575 695 hoc
3610 645 3748 694 non
3796 631 3892 693 est

2339 741 2583 805 ratione
2610 741 2734 821 sui,
2778 760 2929 805 cum
2970 742 3051 807 sit
3079 741 3334 823 lignum
3383 757 3623 823 purum
3657 760 3674 804 z
3727 754 3890 818 ergo

2341 847 2464 913 hoc
2489 853 2582 913 est
2607 851 2850 915 ratione
2879 849 3178 916 Crucifixi
3204 851 3271 914 in
3299 869 3376 915 ea
3425 871 3440 912 ε
3489 848 3597 913 sed
3630 845 3892 913 Crucifi-

2339 975 2499 1021 xum
2545 957 2888 1022 adoramus
2933 957 3301 1023 adoratione
3355 956 3557 1021 latriae
3598 973 3804 1038 :ergo
3829 959 3895 1018 et

2340 1060 2544 1144 ipsam
2572 1078 2854 1127 crucem.

2422 1165 2580 1231 Item
2610 1167 2700 1231 sic
2722 1168 3067 1233 adoramus
3093 1183 3378 1246 crucem,
3406 1165 3574 1231 sicut
3592 1163 3894 1248 reliquias

2342 1273 2569 1338 Christi
2599 1294 2617 1338 z
2648 1275 2756 1340 sed
2802 1275 3090 1359 reliquiae
3139 1273 3362 1339 eodem
3415 1273 3659 1338 honore
3688 1271 3894 1335 hono-

2340 1381 2558 1447 randae
2588 1387 2761 1464 sunt,
2799 1402 2929 1466 quo
2977 1383 3333 1448 honoratur
3358 1380 3465 1446 ille
3481 1430 3498 1462 ,
3531 1383 3720 1463 cujus
3743 1381 3901 1443 sunt

2340 1494 2627 1577 reliquiae
2673 1517 2689 1559 t
2735 1495 2790 1558 si
2842 1513 3000 1575 ergo
3052 1488 3340 1558 Christus
3388 1495 3484 1557 est
3531 1489 3903 1557 adorandus

2340 1601 2707 1666 adoratione
2763 1601 2991 1680 latriae,
3049 1600 3302 1665 videtur
3361 1599 3655 1664 similiter
3722 1597 3904 1683 quod

2342 1725 2503 1771 crux
2532 1706 2764 1772 Christi
2789 1708 2975 1773 latria
2999 1707 3225 1772 debeat
3250 1706 3522 1771 adorari.

2423 1813 2580 1878 Item
2611 1814 2931 1878 efficacius
2960 1815 3137 1879 ducit
3184 1831 3304 1878 nos
3343 1813 3482 1897 ipsa
3506 1830 3663 1878 vera
3708 1828 3900 1890 cruX,

2341 1939 2536 2003 quam
2564 1922 2778 2004 aliqua
2803 1924 2943 2005 ejus
2967 1921 3186 2002 imago
3220 1921 3370 1985 :sed
3394 1922 3613 2002 imago
3634 1918 3900 1997 Christi,

2342 2045 2418 2092 eo
2444 2029 2617 2111 quod
2645 2029 2817 2093 ducit
2847 2030 2917 2093 in
2945 2027 3291 2109 Christum,
3323 2029 3627 2094 adoratur
3662 2027 3904 2091 adora-

2340 2134 2514 2199 tione
2580 2136 2800 2200 eadem
2855 2154 3006 2201 cum
3049 2136 3208 2220 ipso,
3277 2135 3569 2201 videlicet
3630 2133 3816 2198 latria
3877 2154 3897 2196 :

2341 2259 2499 2324 ergo
2570 2243 2793 2308 eadem
2861 2244 3107 2309 ratione
3176 2246 3240 2308 et
3302 2241 3697 2307 nobilissima
3749 2243 3902 2323 ejus

2346 2368 2532 2414 crux.

2423 2456 2546 2521 Sed
2593 2462 2813 2522 contra
2870 2475 2888 2519 :
2945 2464 3005 2521 1.
3067 2456 3240 2521 Crux
3295 2456 3526 2522 Christi
3583 2458 3679 2520 est
3728 2472 3904 2538 pura
3936 2477 4012 2520 ,ιι
4039 2489 4104 2531 01>

2342 2568 2654 2644 creatura,
2686 2583 2817 2629 non
2867 2565 3048 2630 unita
3078 2564 3285 2629 Verbo
3340 2586 3357 2627 ε
3410 2581 3568 2647 ergo
3616 2555 3669 2626 si
3708 2562 3906 2628 latria

2344 2689 2476 2736 non
2503 2673 2769 2737 debetur
2812 2673 2932 2737 nisi
2962 2673 3079 2737 soli
3119 2671 3247 2737 Deo
3275 2690 3388 2756 per
3414 2690 3505 2751 se,
3532 2674 3596 2736 et
3644 2673 3903 2735 naturae

2343 2785 2687 2864 assumptae
2716 2782 2959 2846 ratione
2986 2798 3297 2865 personae,
3320 2779 3576 2845 videtur
3590 2776 3761 2862 quod
3777 2795 3910 2841 ex-

2343 2891 2562 2956 hibere
2601 2892 2847 2956 cultum
2889 2892 3091 2956 latriae
3145 2892 3265 2974 ipsi
3322 2889 3499 2954 cruci
3551 2888 3633 2952 sit
3687 2886 3907 2951 idolo-

2341 2998 2594 3063 latrare.

2423 3110 2484 3171 2.
2543 3105 2703 3201 Item
2739 3110 2947 3172 mater
3004 3105 3230 3172 Christi
3284 3104 3429 3188 plus
3496 3101 3914 3189 approximat

2346 3212 2595 3279 Christo
2614 3233 2810 3298 quam
2829 3234 2992 3279 crux
3012 3217 3068 3296 ej
3076 3231 3175 3293 us,
3197 3217 3261 3278 et
3287 3212 3512 3276 melior
3539 3214 3604 3276 et
3622 3209 3915 3275 nobilior

2344 3324 2439 3385 est
2463 3328 2754 3387 creatura
2786 3345 2802 3386 z
2833 3323 2942 3388 sed
2969 3320 3170 3404 VIrgo
3199 3320 3398 3385 Mater
3439 3336 3569 3384 non
3618 3322 3712 3382 est
3738 3317 3909 3381 ado-

2346 3430 2545 3493 randa
2573 3430 2762 3494 latria
2790 3451 2806 3495 ε
2840 3446 2998 3512 ergo
3026 3447 3145 3492 nec
3185 3428 3321 3511 ipsa
3352 3443 3534 3490 crux.

2427 3539 2486 3599 3.
2524 3536 2706 3617 Item,
2737 3537 2792 3600 si
2811 3555 2974 3600 crux
2994 3534 3223 3600 Christi
3242 3533 3565 3598 adoranda
3578 3535 3674 3596 est
3688 3530 3912 3612 latria,

2345 3644 2502 3725 quia
2550 3643 2672 3708 fuit
2697 3643 2971 3708 lectulus
2997 3646 3159 3726 ejuS,
3189 3659 3348 3724 ergo
3379 3659 3526 3706 cum
3559 3638 3791 3704 coelum
3819 3640 3921 3704 sit
4045 3719 4048 3720 7

2346 3753 2488 3835 ejus
2515 3752 2715 3831 sedes,
2769 3755 2833 3816 et
2855 3759 3026 3816 terra
3067 3749 3414 3814 scabellum
3457 3747 3694 3831 pedum
3719 3748 3868 3829 ejus
3885 3796 3916 3826 ,

2349 3863 2425 3925 ut
2450 3859 2600 3923 dicit
2617 3857 2955 3942 Propheta,
2985 3876 3144 3940 ergo
3165 3860 3317 3921 sunt
3341 3854 3665 3920 adoranda
3676 3853 3873 3918 latria
3892 3876 3918 3920 τ

2348 3967 2458 4033 sed
2483 3968 2606 4032 hoc
2628 3971 2725 4032 est
2755 3967 3079 4032 nefarium
3105 3968 3169 4030 et
3195 3964 3469 4048 impium
3495 3979 3514 4028 ε
3542 3980 3703 4044 ergo
3728 3960 3921 4027 vide-

2347 4080 2458 4141 tur
2481 4075 2656 4159 quod
2686 4075 2860 4141 cruci
2887 4076 3029 4159 ejus
3045 4074 3257 4139 cultus
3271 4072 3475 4139 latriae
3501 4087 3637 4137 uon
3660 4069 3741 4134 sit
3775 4087 3915 4135 ex-

2349 4184 2690 4250 bibendus.

2429 4301 2491 4361 4.
2527 4294 2685 4359 Item
2714 4310 2877 4357 crux
2904 4289 3133 4358 Christi
3160 4288 3321 4354 nihil
3365 4287 3628 4369 meruit,
3657 4286 3760 4352 vel
3785 4284 3916 4351 de·

2351 4402 2590 4468 meruit
2616 4424 2634 4481 ;
2664 4404 2728 4466 et
2751 4417 2885 4466 non
2913 4399 3125 4481 magis
3176 4396 3367 4463 sentit
3389 4395 3672 4475 laudem,
3703 4411 3920 4477 quam

2352 4508 2774 4592 vituperium,
2795 4525 2946 4574 cum
2970 4507 3051 4572 sit
3078 4524 3182 4571 res
3209 4502 3599 4571 insensibilis
3628 4524 3646 4565 ε
3676 4518 3834 4583 ergo
3849 4503 3924 4566 si

2351 4616 2561 4682 honor
2583 4616 2768 4682 debet
2793 4613 3086 4681 exhiheri
3133 4611 3577 4679 tantummodo
3598 4608 3695 4675 rei
3717 4607 3923 4674 laude

2353 4724 2595 4807 dignae,
2624 4727 2689 4789 et
2723 4722 3081 4789 reverentia
3119 4722 3215 4787 rei
3257 4719 3453 4786 etiam
3495 4735 3644 4802 quae
3670 4716 3925 4782 discer-

2354 4832 2452 4897 nit
2473 4833 2641 4897 inter
2685 4831 2999 4897 honorem
3042 4833 3105 4893 et
3131 4827 3588 4894 contumeliam
3600 4871 3622 4904 ,
3648 4823 3920 4889 videtur

2354 4940 2526 5023 quod
2544 4940 2607 5005 ei
2638 4938 2817 5004 nulla
2843 4937 3201 5003 reverentia
3225 4935 3307 5001 sit
3326 4932 3710 5001 exhibenda.

2437 5053 2497 5113 5.
2526 5047 2686 5114 Item
2711 5046 3029 5131 quaeritur
3057 5045 3334 5130 qualiter
3350 5044 3434 5109 sit
3459 5038 3828 5110 veneranda
3839 5043 3919 5105 et

2357 5159 2704 5226 adoranda.

2360 5286 2426 5336 111
2455 5285 2614 5348 Seni„
2646 5283 2762 5334 dist.
2786 5295 2863 5347 ιι,
2890 5285 2985 5334 ert.
3013 5285 3060 5335 2.
3094 5283 3194 5320 -2
3220 5283 3457 5347 Hymnus
3477 5279 3529 5331 in
3556 5279 3710 5330 Dom.
3739 5276 3913 5340 Pasa,

2357 5371 2512 5422 quem
2539 5356 2625 5406 alii
2650 5354 2985 5418 Theodulpho
3004 5391 3024 5418 ,
3063 5353 3150 5405 alii
3186 5355 3462 5406 For-musto
3478 5388 3496 5416 ,
3536 5350 3622 5401 alii
3662 5346 3875 5400 seduno
3893 5383 3912 5411 ,

2358 5430 2444 5481 alii
2467 5443 2593 5480 vero
2615 5430 2794 5479 sancto
2822 5427 3096 5479 Ambrosio
3125 5428 3357 5482 tribuunt
3371 5464 3393 5488 ‚
3412 5427 3547 5479 inter
3573 5422 3720 5488 cujus
3739 5422 3913 5485 Opem

2360 5503 2415 5553 in
2436 5501 2558 5553 edit.
2578 5502 2797 5551 Roman.
2827 5503 3147 5554 recensetur.
