4185 6288
745 484 823 543 Ὶθ

1259 710 1620 790 QUAESTIO
1662 712 1740 777 11.

1834 486 2456 556 SENTENTIARUM
2498 486 2647 554 Lm.
2692 488 2800 554 111.

2378 608 2658 690 'nuando
2690 646 2706 687 ε
2740 646 2771 685 1>
2823 624 2947 690 hoc
2988 625 3141 691 dicit
3176 626 3257 693 de
3303 629 3796 698 sanctificatione
3839 652 3943 699 se-

2393 732 2602 797 cunda
2653 753 2670 797 :
2717 750 2883 815 ergo
2933 738 3082 801 ante
3134 735 3341 821 ipsam
3393 754 3529 803 non
3579 739 3698 804 fuit
3742 741 3943 807 fomes

740 861 839 919 An
890 867 954 920 in
1010 866 1239 945 Virgine
1285 867 1347 922 in
1385 870 1575 939 prema
1633 873 2065 941 sanctificatione
2113 873 2287 939 merit
2396 840 2741 905 &mincius-

1004 957 1249 1013 emtincta
1273 959 1486 1027 fomitis
1514 963 1941 1033 concupiscentia
1973 964 2010 1014 ¹.

504 1124 574 1168 Λα
606 1140 712 1184 opp.
822 1113 1049 1181 Utrum
1076 1116 1147 1180 in
1163 1117 1375 1200 prima
1401 1120 1899 1186 sanctificatione
1919 1121 1989 1185 in
2016 1120 2283 1205 Virgine

486 4033 700 4081 Fundam.

736 1221 931 1287 fuerit
978 1223 1218 1288 tomitis
1272 1227 1781 1309 concupiscentia
1829 1229 2106 1294 extincta
2136 1252 2155 1309 ;
2219 1235 2283 1295 et

739 1331 910 1411 quod
946 1330 1071 1411 sic,
1111 1331 1389 1397 videtur.
1420 1334 1660 1400 Dicitur
1702 1337 1783 1399 ab
1827 1337 2080 1419 Angelo
2122 1338 2183 1401 ei
2204 1346 2227 1379 ²
2261 1360 2277 1404 2

737 1440 893 1516 Ave,
939 1440 1158 1520 qratia
1198 1441 1391 1523 plena
1441 1461 1464 1501 .·
1515 1460 1678 1524 ergo
1730 1448 1878 1508 ante
1930 1444 2281 1511 adventum

735 1542 879 1609 Filii
904 1544 1014 1610 Dei
1039 1547 1159 1612 suit
1189 1548 1428 1632 repleta
1455 1551 1662 1630 gratia
1678 1600 1698 1631 ‚
1730 1554 1794 1617 et
1832 1551 2019 1636 plena
2061 1572 2281 1620 amore

737 1651 957 1719 divino
988 1675 1004 1717 ε
1036 1654 1145 1719 sed
1173 1657 1286 1720 ubi
1325 1660 1419 1721 est
1457 1657 1675 1741 aliquo
1714 1660 1903 1725 modo
1944 1662 2282 1743 concupis-

738 1759 969 1839 centia,
1004 1760 1092 1824 ihi
1118 1779 1252 1826 non
1276 1767 1640 1846 potestesse
1667 1766 1875 1847 gratia
1901 1766 2010 1830 Dei
2037 1768 2225 1850 plena
2260 1792 2276 1834 :

737 1866 989 1933 videtur
1015 1887 1177 1951 ergo
1208 1870 1379 1953 quod
1421 1871 1492 1935 in
1537 1872 1744 1955 prima
1770 1873 2056 1955 Virginis
2094 1894 2281 1940 sanc-

737 1974 1107 2055 tificatione,
1163 1977 1400 2042 fomitis
1457 1981 1964 2064 concupiscentia
2015 1985 2279 2050 omnino

734 2079 925 2145 fuerit
947 2084 1242 2149 extincta.

814 2194 875 2254 2.
907 2190 1066 2255 Item
1091 2194 1482 2278 ubicumque
1507 2201 1600 2262 est
1622 2199 1854 2279 someS,
1885 2205 1980 2265 est
2001 2203 2278 2269 necessi-

732 2299 831 2361 tas
855 2298 937 2362 ad
964 2299 1219 2382 aliquod
1255 2308 1587 2385 peccatum
1613 2307 1860 2373 veniale
1889 2326 1908 2372 ε
1940 2327 2098 2392 ergo
2126 2329 2276 2376 cum

732 2405 802 2468 in
827 2423 904 2473 ea
928 2407 1110 2472 nulla
1146 2409 1339 2474 fuerit
1375 2414 1674 2493 peccandi
1718 2416 2055 2481 necessitas
2074 2466 2092 2498 ,
2123 2419 2280 2502 quia

731 2509 800 2575 in
832 2529 907 2575 ea
932 2506 1110 2577 nulla
1134 2516 1358 2600 culpa3
1388 2536 1549 2600 ergo
1579 2521 1834 2587 videtur
1871 2525 2044 2608 quod
2086 2528 2279 2593 fomi-

731 2617 811 2681 tis
840 2620 1349 2704 concupiscentia
1390 2625 1460 2689 in
1499 2643 1576 2691 ea
1618 2628 1810 2693 fuerit
1845 2631 2111 2696 omnino
2156 2652 2277 2697 ex-

729 2725 943 2790 tincta.
987 2722 993 2729 ’

811 2837 871 2898 3.
916 2834 1075 2899 Item
1100 2836 1302 2903 fomes
1348 2840 1552 2905 reddit
1590 2843 1775 2909 illum
1826 2845 2148 2914 difficilem
2195 2850 2275 2914 ad

731 2940 998 3022 honum,
1044 2943 1113 3006 in
1160 2962 1290 3027 quo
1332 2952 1426 3012 est
1464 2970 1480 3013 ι
1513 2951 1621 3015 sed
1665 2952 1736 3016 in
1783 2954 1968 3019 beata
2010 2955 2277 3040 Virgine

729 3047 907 3111 nulla
932 3047 1052 3112 fuit
1077 3050 1415 3118 difficultas
1449 3056 1530 3120 ad
1571 3058 1814 3125 bonum
1857 3084 1872 3126 :
1905 3082 2066 3147 ergo
2095 3065 2277 3132 vide-

730 3159 837 3219 tur
863 3158 1034 3239 quod
1067 3164 1206 3241 post
1236 3163 1516 3244 primam
1541 3170 2099 3238 sanctificationem
2141 3193 2275 3241 non

730 3269 1104 3333 remanserit
1135 3270 1202 3333 in
1227 3290 1306 3335 ea
1330 3277 1859 3360 concupiscentiae
1895 3283 2150 3350 vitium.

809 3378 870 3437 4.
908 3373 1096 3454 item,
1128 3377 1184 3441 si
1213 3383 1388 3445 tanta
1432 3386 1643 3464 gratia
1679 3387 1964 3455 fomitem
2015 3392 2270 3473 minuit,

728 3483 793 3544 et
838 3484 1045 3564 major
1087 3486 1297 3566 gratia
1339 3491 1551 3572 magis
1593 3494 1855 3576 minuit,
1897 3503 1960 3563 et
1998 3501 2273 3582 perfecta

729 3587 1001 3653 totaliter
1027 3592 1357 3675 extinguit
1390 3619 1405 3660 ε
1438 3599 1545 3662 sed
1590 3601 1889 3682 gloriosae
1926 3607 2178 3690 Virgini
2206 3608 2274 3673 in

727 3700 864 3783 ipsa
917 3704 1019 3767 sui
1068 3709 1562 3778 sanctificatione
1609 3717 1817 3798 prima
1879 3719 2105 3784 collata
2151 3721 2272 3785 fuit

731 3811 941 3894 gratia
976 3815 1295 3895 perfecta:
1327 3837 1490 3902 ergo
1518 3825 1783 3891 omnino
1827 3826 1949 3892 fuit
1989 3828 2267 3894 extincta

729 3921 795 3985 in
824 3940 899 3986 ea
924 3927 1450 4011 concupiscentia.

810 4027 935 4094 Sed
965 4037 1184 4099 contra
1214 4056 1231 4100 z
1265 4036 1690 4106 Damascenus
1729 4042 1915 4120 dicit,
1963 4051 2026 4111 et
2066 4047 2272 4114 habe-

733 4138 841 4199 tur
882 4136 951 4201 in
994 4139 1202 4205 littera
1245 4166 1260 4208 ε
1302 4169 1331 4205 (ι
1370 4145 1519 4212 Post
1562 4167 1943 4215 consensum
1988 4152 2273 4234 Virginis

733 4246 1049 4327 praevenit
1087 4248 1361 4332 Spiritus
1398 4261 1652 4321 sanctus
1679 4259 1747 4322 in
1791 4261 2021 4342 ipsam,
2051 4283 2272 4330 secun-

731 4352 890 4418 dum
938 4354 1217 4420 verbum
1260 4360 1430 4440 quod
1478 4362 1640 4429 dixit
1679 4364 1970 4448 Angelus
2016 4372 2097 4435 ad
2125 4391 2268 4438 eam

731 4477 1019 4542 purgans
1045 4481 1209 4527 eam.
1243 4487 1273 4525 1)
1305 4466 1429 4532 Sed
1456 4488 1584 4534 non
1616 4475 1921 4556 purgavit
1947 4495 1987 4539 a
2027 4478 2219 4562 culpa
2249 4502 2266 4545 ι

731 4580 894 4645 ergo
942 4567 1254 4648 purgavit
1293 4570 1375 4634 ab
1424 4573 1722 4654 originali
1771 4582 2027 4662 sequela
2073 4604 2088 4647 ε
2131 4584 2271 4650 haec

730 4674 947 4735 autem
973 4678 1064 4738 est
1100 4664 1337 4741 fomitis
1369 4682 1907 4765 concupiscentia:
1935 4707 2115 4771 ergo,
2146 4697 2264 4758 etc.

811 4776 969 4842 Item
1007 4778 1315 4863 Magister
1348 4784 1417 4849 in
1449 4786 1700 4860 littera:
1744 4816 1774 4852 α
1811 4792 2074 4861 Mariam
2115 4817 2272 4882 quo·

730 4903 858 4967 que
887 4889 1086 4951 totam
1112 4888 1383 4971 Spiritus
1407 4901 1660 4961 sanctus
1684 4905 2084 4982 praeveniens
2114 4926 2272 4990 pur-

733 4996 935 5077 gavit,
958 5002 1022 5062 et
1046 5016 1086 5062 a
1111 5000 1329 5067 fomite
1356 5006 1595 5085 peccati
1619 5006 1932 5090 liberavit,
1957 5015 2062 5079 vel
2088 5018 2269 5081 fomi-

735 5108 864 5169 tem
897 5106 1106 5189 ipsum
1143 5110 1402 5191 penitus
1439 5114 1878 5196 extinguendo
1901 5168 1919 5200 ,
1952 5124 2052 5186 vel
2092 5132 2271 5192 exte-

803 5232 819 5267 ¹
845 5229 926 5294 Cf.
952 5231 1239 5284 Alexander
1259 5235 1476 5302 Alensis,
1503 5243 1636 5304 part.
1661 5244 1725 5307 ll,
1754 5258 1807 5309 q.
1842 5256 1945 5307 ενι,
1981 5250 2174 5301 memb.
2212 5256 2271 5317 7,

731 5304 824 5349 art.
853 5303 915 5364 Ἲς
938 5303 992 5354 S.
1017 5304 1258 5370 Thomas,
1279 5322 1328 5371 p.
1354 5311 1441 5374 ΙΙΙ,
1466 5325 1517 5375 q.
1539 5324 1704 5379 xxvn,
1726 5320 1824 5366 art.
1855 5321 1912 5381 33
1939 5323 1991 5370 et
2013 5322 2076 5371 lll
2109 5323 2269 5387 Seni„

731 5371 848 5422 dist.
881 5384 963 5436 111,
991 5387 1104 5438 q.1,
1137 5380 1229 5428 art.
1250 5382 1280 5428 2
1290 5392 1309 5441 ;
1342 5386 1394 5431 et
1425 5383 1599 5447 Opusc.
1631 5387 1719 5449 ιιι,
1747 5401 1860 5453 cap.
1880 5402 2067 5456 cusu
2099 5397 2270 5460 AEgid.

731 5448 904 5517 Rom„
926 5447 993 5497 111
1025 5447 1185 5516 Seni„
1206 5456 1323 5516 diat,
1352 5471 1446 5519 111,
1477 5473 1530 5532 q.
1560 5466 1648 5520 1113
1671 5460 1970 5528 Richardtm,
1998 5468 2064 5519 111
2107 5471 2268 5537 δοκῇ,

2471 947 2629 1012 Item
2671 948 3058 1032 Bernardus,
3109 952 3181 1016 in
3220 952 3487 1018 homilia
3523 955 3711 1020 tertia
3752 971 3939 1038 super

2391 1055 2632 1121 Missus
2679 1062 2774 1123 est
2794 1055 2816 1091 ⁸
2845 1076 2870 1119 .·
2921 1080 2953 1118 α
3000 1056 3074 1121 111
3112 1059 3433 1149 proposito
3482 1060 3767 1143 Virginis
3805 1067 3939 1128 erat

2388 1163 2686 1227 omnium
2716 1162 3056 1229 hominum
3082 1166 3512 1249 frequentiam
3552 1170 3784 1251 sugere
3806 1218 3826 1247 ‚
3852 1189 3933 1235 ne

2391 1268 2868 1354 perturbaretur
2908 1273 3149 1337 orantis
3186 1274 3515 1339 silentium
3539 1322 3556 1351 ,
3591 1282 3708 1340 aut
3731 1277 3939 1359 virgi-

2390 1376 2552 1439 nalis
2611 1377 2861 1441 castitas
2910 1382 3282 1444 tentaretur.
3326 1404 3356 1441 n
3415 1380 3587 1463 Ergo
3641 1382 3893 1447 videtur
3911 1430 3931 1461 ,

2388 1482 2557 1565 qnod
2585 1485 2913 1550 occasione
2940 1492 3196 1570 accepta
3220 1488 3302 1551 ab
3337 1487 3696 1554 extrinseco
3714 1538 3730 1567 ‚
3762 1492 3938 1555 exci-

2387 1591 2507 1654 tari
2556 1595 2802 1673 poterat
2862 1592 2933 1657 in
2991 1611 3067 1658 ea
3127 1595 3367 1659 fomitis
3426 1598 3938 1680 concupiscentia

2386 1715 2587 1779 prava
2617 1719 2634 1761 :
2667 1716 2829 1780 ergo
2855 1701 3119 1765 omnino
3143 1720 3277 1766 non
3304 1702 3426 1768 suit
3453 1704 3797 1771 extinctus.

2468 1802 2657 1883 Item,
2704 1806 2759 1868 si
2809 1807 3073 1872 omnino
3117 1810 3340 1874 fuisset
3379 1810 3448 1874 in
3490 1830 3566 1876 ea
3622 1813 3936 1879 extinctus

2383 1909 2586 1974 fomes
2611 1913 3140 1995 concupiscentiae
3156 1963 3173 1994 ‚
3206 1933 3368 1998 ergo
3391 1920 3673 1984 secunda
3698 1921 3928 1985 sancti·

2385 2016 2596 2081 ficatio
2617 2036 2751 2083 non
2775 2020 2996 2085 suisset
3019 2027 3381 2105 opportuna
3406 2045 3424 2088 t
3446 2025 3500 2088 si
3523 2044 3686 2108 ergo
3710 2044 3933 2110 oppor-

2387 2130 2547 2190 tuna
2582 2126 2742 2205 fuit,
2772 2125 3028 2192 videtur
3061 2129 3234 2211 quod
3274 2130 3513 2213 aliquid
3558 2133 3932 2198 remanserit

2386 2232 2455 2297 in
2480 2250 2559 2297 ea
2581 2232 2817 2298 fomitis
2844 2237 3392 2319 concupiscentiae.

2903 2478 3424 2549 CONCLUSIO.

2385 2635 2640 2694 Gloriosoe
2671 2640 2921 2711 Viminis
2959 2642 3124 2709 fomes
3169 2646 3234 2699 in
3266 2646 3456 2715 prima
3501 2649 3926 2718 mctificatione

2455 2728 2518 2782 in
2543 2730 2691 2783 utero
2726 2730 2880 2797 facta
2917 2734 3221 2803 consopitus
3253 2735 3368 2802 fuit
3380 2751 3400 2801 3
3442 2736 3505 2789 in
3541 2735 3776 2792 secunda
3809 2753 3926 2794 vero

2452 2831 2554 2887 per
2567 2816 2811 2889 Spiritus
2822 2823 3001 2875 sancti
3018 2821 3481 2880 obumbrationem
3494 2828 3801 2899 extirpatus
3833 2830 3920 2882 est.

2466 2975 2650 3060 Resp.
2683 2978 2763 3042 ad
2792 2996 2945 3062 arg..
2974 2978 3323 3047 Dicendum
3356 2983 3528 3067 quod
3572 2985 3743 3051 circa
3767 2986 3925 3050 hanc
3950 3000 4058 3059 ope.
4076 3004 4105 3043 ι.

2385 3083 2805 3165 quaestionem
2829 3091 2925 3152 est
2955 3088 3187 3171 triplex
3212 3090 3442 3156 modus
3466 3091 3739 3158 dicendi.
3776 3092 3924 3172 Qui-

2385 3192 2533 3258 dam
2558 3193 2764 3260 dicere
2791 3198 3016 3264 volnnt
3036 3247 3054 3277 ‚
3084 3200 3258 3282 quod
3297 3219 3416 3266 nec
3443 3203 3514 3267 in
3540 3204 3787 3286 prima,
3813 3222 3925 3269 nec
3959 3281 3968 3290 ⁶

2385 3299 2455 3363 in
2483 3302 2763 3368 secunda
2792 3305 3284 3372 sanctificatione
3326 3309 3651 3376 extinctus
3690 3316 3823 3375 erat
3856 3313 3919 3375 in

2385 3426 2461 3472 ea
2487 3408 2688 3474 fomes
2715 3412 3243 3494 concupiscentias
3261 3461 3284 3492 ‚
3313 3414 3422 3479 sed
3448 3415 3662 3481 solum
3701 3436 3920 3483 conso-

2385 3516 2557 3599 pitus
2583 3519 2938 3584 secundum
2984 3519 3126 3603 plus
3154 3524 3219 3584 et
3245 3520 3499 3601 minus3
3531 3524 3688 3606 qnia
3731 3526 3920 3590 fomes

2383 3622 2575 3688 hahet
2600 3643 2858 3690 causam
2886 3626 2954 3690 in
2978 3644 3170 3692 carne
3204 3651 3219 3692 :
3253 3629 3425 3694 unde
3451 3648 3589 3696 non
3626 3633 3918 3698 directam

2382 3728 2577 3795 hahet
2618 3732 3078 3816 oppositionem
3122 3734 3203 3799 ad
3239 3735 3520 3817 gratiam
3574 3739 3916 3805 secundum

2384 3838 2721 3903 essentiam
2741 3888 2761 3918 ,
2811 3841 2920 3904 sed
2965 3842 3321 3907 secundum
3373 3844 3850 3911 inclinationem
3893 3869 3910 3910 ε

2383 3943 2524 4008 ideo
2549 3945 2603 4008 si
2630 3946 2839 4026 gratia
2866 3965 3105 4030 magna
3130 3955 3245 4029 est,
3276 3951 3479 4017 fomes
3507 3955 3728 4019 minus
3751 3954 3914 4019 incli-

2381 4054 2516 4132 nat,
2543 4056 2839 4136 quamvis
2864 4073 2978 4139 per
3005 4059 3281 4137 gratiam
3310 4077 3442 4124 non
3466 4061 3755 4128 deleatur
3780 4067 3910 4147 ejus

2380 4161 2672 4225 essentia.
2724 4160 3035 4239 Quoniam
3081 4183 3241 4245 ergo
3267 4165 3338 4231 in
3381 4166 3648 4250 Virgine
3686 4188 3912 4252 magna

2381 4268 2502 4333 fuit
2527 4270 2738 4349 gratia
2763 4270 2832 4334 in
2859 4271 3068 4353 prima
3091 4273 3586 4342 sanctificatione
3602 4326 3622 4355 ‚
3652 4283 3715 4344 et
3738 4277 3910 4344 valde

2380 4395 2622 4459 magna
2648 4379 2717 4443 in
2742 4380 3020 4445 secunda
3042 4402 3060 4459 ;
3093 4382 3246 4447 hinc
3274 4387 3593 4467 est,.quod
3620 4387 3688 4451 in
3714 4388 3910 4471 prima

2381 4490 2501 4554 fuit
2526 4492 2889 4575 consopitus
2905 4542 2925 4573 ,
2960 4498 3026 4558 et
3057 4494 3126 4559 in
3153 4496 3432 4561 secunda
3462 4498 3673 4580 magis
3697 4515 3908 4563 conso-

2382 4598 2575 4680 pitus,
2597 4600 2891 4681 quamvis
2914 4619 3046 4665 non
3071 4603 3329 4668 omnino
3355 4604 3548 4669 fuerit
3582 4606 3904 4682 extinctus,

2381 4705 2483 4768 vel
2534 4709 2905 4772 evacuatus.
2947 4707 3073 4774 Sed
3124 4709 3430 4793 quoniam
3488 4729 3637 4777 caro
3688 4709 3906 4776 Christi

2381 4817 2638 4896 sumpta
2684 4818 2781 4878 est
2819 4815 2897 4879 de
2942 4834 3133 4881 carne
3182 4817 3468 4900 Virginis
3487 4869 3507 4900 ,
3559 4820 3627 4883 in
3676 4819 3907 4884 Christo
3932 4830 4089 4890 ιιῳιοι.

2380 4922 2571 4987 etiam
2599 4923 2778 4988 nulla
2802 4923 2923 4987 fuit
2949 4925 3452 5007 concupiscentia
3479 4926 3731 5006 fomitis,
3766 4943 3906 4990 cum

2381 5047 2529 5094 caro
2555 5029 2782 5093 Christi
2810 5030 3032 5096 debeat
3058 5034 3235 5096 carni
3261 5032 3549 5115 Virginis
3582 5031 3905 5100 assimilari

2381 5139 2526 5218 post
2575 5134 2858 5218 Virginis
2906 5140 3466 5206 sanctificationem
3486 5190 3506 5219 ‚
3552 5140 3715 5207 sicut
3767 5154 3902 5205 caro

2380 5332 2497 5383 diat.
2531 5344 2604 5395 ιιι,
2625 5347 2676 5398 q.
2708 5345 2795 5396 1v;
2821 5334 3251 5401 Thom.Argent.,
3278 5338 3345 5388 111
3375 5337 3667 5403 Sent.‚dist.
3691 5348 3764 5400 111,
3791 5349 3841 5400 q.
3860 5345 3895 5397 1,

2376 5407 2648 5532 ἓξιὼζὶἑι-
2679 5405 2701 5440 ²
2722 5407 2858 5466 Luc„
2884 5419 2921 5472 1,
2962 5409 3120 5459 28.—
3153 5407 3176 5444 ⁸
3204 5409 3381 5475 Bern.,
3422 5424 3568 5476 super
3594 5410 3772 5462 Missus
3797 5409 3894 5467 est,
