4185 6288
544 1702 702 1758 Opinio
716 1704 756 1745 ¹.

598 5292 794 5350 Improb.

781 501 900 563 578

1323 628 1775 739 conctnsm.

780 830 907 900 Spes
933 831 995 882 in
1019 841 1113 883 suo
1148 830 1273 882 actu
1301 826 1674 882 certitudinem
1718 826 1877 882 habet
1914 828 2085 883 aliam
2125 844 2162 881 a
2197 826 2326 897 fidei

849 916 1196 987 certitudine,
1223 932 1340 971 cum
1366 915 1476 983 ejus
1504 914 1766 970 certitudo
1796 921 2037 971 versetur
2064 918 2209 971 circa
2237 921 2324 972 at-

854 1006 1235 1075 tributionem,
1266 1008 1317 1061 et
1342 1019 1451 1058 non
1478 1005 1623 1059 circa
1651 1005 2090 1076 complecionem.

866 1166 1047 1248 Resp.
1078 1164 1159 1229 ad
1185 1183 1328 1246 arg.
1359 1165 1456 1229 Ad
1484 1163 1936 1247 praedictorum
1962 1162 2326 1244 intelligen-

783 1273 937 1337 tiam
986 1276 1080 1336 est
1136 1272 1488 1336 notandum
1508 1318 1528 1348 ‚
1576 1270 1749 1351 quod
1801 1271 2040 1352 absque
2086 1269 2283 1358 dubio
2304 1318 2322 1349 ,

782 1380 1134 1445 secundum
1171 1379 1343 1461 quod
1383 1379 1787 1442 auctoritates
1813 1380 1877 1441 et
1914 1378 2193 1442 rationes
2219 1396 2323 1441 os-

782 1488 1082 1564 tendunt,
1109 1487 1315 1552 virtus
1342 1485 1477 1567 spei
1505 1485 1572 1547 in
1602 1503 1720 1549 suo
1747 1489 1895 1548 actu
1924 1483 2118 1549 habet
2143 1485 2327 1549 certi·

783 1596 1099 1660 tudinem.
1127 1593 1492 1676 Cujusmodi
1513 1596 1730 1656 autem
1753 1594 1838 1656 sit
1853 1593 1963 1657 illa
1983 1592 2318 1669 certitudo,

783 1701 1034 1765 difficile
1056 1706 1150 1764 est
1183 1700 1480 1763 diffinire.
1513 1697 1786 1774 Quidam
1809 1705 2092 1781 namque
2117 1699 2325 1764 dicere

784 1808 1126 1874 voluerunt
1143 1807 1367 1889 ,quod
1391 1805 1699 1870 certitudo
1730 1807 1864 1887 spei
1888 1824 2016 1872 non
2046 1810 2142 1870 est
2167 1806 2327 1869 sibi-

783 1915 905 1998 ipsi
961 1915 1216 1997 propria
1234 1964 1250 1993 ,
1304 1932 1512 1995 neque
1563 1913 1814 1978 diversa
1860 1932 1899 1976 a
1953 1913 2326 1977 certitudine

783 2022 966 2102 fidei,
997 2023 1130 2086 imo
1174 2040 1318 2104 spes
1362 2038 1623 2084 omnem
1663 2020 2112 2084 certitudinem
2140 2036 2324 2084 suam

784 2129 977 2192 trahit
1020 2147 1059 2192 a
1115 2129 1271 2206 flde,
1319 2128 1482 2191 sicut
1525 2127 1789 2190 scientia
1843 2127 1911 2189 in
1956 2126 2328 2208 particulari

783 2235 977 2299 trahit
1001 2235 1446 2298 certitudinem
1474 2253 1512 2297 a
1543 2233 1801 2296 scientia
1841 2233 1907 2295 in
1936 2233 2280 2297 universali
2307 2257 2323 2296 ι

784 2343 925 2406 ideo
972 2343 1146 2406 enim
1187 2343 1336 2425 quis
1375 2342 1593 2421 novit,
1624 2341 1795 2423 quod
1843 2340 1985 2403 haec
2026 2340 2204 2405 mula
2234 2343 2329 2402 est

783 2449 1012 2513 sterilis
1030 2497 1047 2524 ,
1078 2449 1229 2530 quia
1257 2449 1437 2512 novit
1462 2448 1540 2511 de
1566 2447 1746 2511 omni
1774 2447 1951 2511 mula
1975 2442 2043 2510 in
2070 2447 2331 2512 univer-

783 2557 922 2620 sali.
955 2556 1033 2620 Et
1058 2557 1148 2619 sic
1172 2556 1393 2620 dicunt
1420 2574 1487 2619 se
1511 2555 1748 2620 habere
1779 2573 1959 2638 spem
1987 2555 2067 2619 ad
2098 2554 2291 2619 fldem
2308 2603 2325 2633 ,

784 2662 948 2726 sicut
971 2682 1036 2726 se
1055 2662 1246 2726 habet
1264 2661 1524 2727 scientia
1549 2661 1617 2724 in
1634 2660 2005 2743 particulari
2025 2660 2106 2724 ad
2131 2660 2330 2723 scien·

785 2770 942 2834 tiam
970 2770 1038 2832 in
1064 2768 1436 2833 universali.
1475 2766 1654 2831 Sicut
1682 2764 1855 2830 enim
1882 2766 2033 2830 dicit
2058 2767 2326 2848 Augus-

785 2877 994 2956 tinuS,
1024 2881 1087 2941 et
1113 2877 1416 2958 Magister
1444 2875 1667 2939 recitat
1712 2875 1783 2937 in
1826 2875 2037 2938 littera
2055 2923 2072 2953 ‚
2103 2892 2220 2957 per
2246 2876 2331 2938 11-

786 2984 933 3049 dem
960 2983 1155 3048 credit
1179 2984 1375 3047 homo
1405 3000 1629 3045 omnes
1666 2980 1938 3045 finaliter
1963 2981 2167 3044 bonos
2197 3000 2332 3045 esse

785 3091 1124 3157 salvandos
1140 3138 1160 3170 ‚
1188 3091 1353 3157 etde
1380 3090 1502 3156 hoc
1528 3089 1718 3154 habet
1753 3090 2101 3173 quamdam
2140 3090 2333 3154 certi-

785 3200 1075 3264 tudinem
1106 3218 1268 3282 :per
1311 3215 1491 3279 spem
1538 3201 1756 3261 autem
1800 3198 2152 3261 confiditse
2195 3216 2332 3262 esse

785 3309 1186 3373 salvandum.
1219 3306 1398 3371 Unde
1432 3304 1604 3387 quod
1647 3304 1908 3368 credens
1950 3304 2334 3385 generaliter

786 3417 1113 3494 credebat,
1145 3430 1408 3496 sperans
1434 3411 1555 3474 sibi
1592 3430 1705 3493 per
1734 3429 1914 3493 spem
1940 3411 2329 3494 appropriat.

790 3526 867 3590 Et
892 3524 1200 3608 quoniam
1228 3541 1359 3585 non
1393 3526 1487 3585 est
1513 3521 1826 3584 certitudo
1853 3521 2021 3584 circa
2051 3520 2337 3601 singula-

789 3634 887 3696 ria
906 3680 926 3713 ,
953 3631 1077 3694 nisi
1102 3631 1170 3694 in
1197 3633 1514 3712 quantum
1553 3628 1923 3692 referuntur
1963 3628 2044 3692 ad
2075 3629 2336 3693 univer-

792 3740 952 3818 sale3
982 3739 1125 3802 ideo
1149 3754 1291 3820 spes
1317 3754 1450 3800 non
1476 3735 1848 3817 appropriat
1886 3734 2335 3799 certitudinem

793 3846 941 3910 fidei
967 3844 1089 3908 sibi
1118 3843 1422 3923 absolute,
1455 3842 1562 3905 sed
1592 3842 1711 3906 sub
1740 3842 2123 3907 conditione.
2156 3841 2336 3906 Unde

794 3961 963 4022 recte
990 3975 1251 4040 sperans
1276 3974 1409 4019 non
1435 3958 1647 4036 sperat
1672 3973 1739 4018 se
1766 3955 2027 4018 omnino
2057 3972 2192 4018 esse
2220 3953 2338 4018 sal-

795 4066 1082 4131 vandum
1104 4111 1124 4140 ‚
1153 4063 1262 4129 sed
1297 4063 1418 4127 sub
1461 4062 1582 4126 hac
1621 4062 2014 4142 conditione,
2046 4063 2341 4127 videlicet

799 4175 852 4238 si
900 4171 1401 4257 perseveraverit
1454 4189 1662 4252 usque
1709 4171 1780 4233 in
1831 4170 2052 4234 finem.
2116 4169 2342 4233 Dicunt

798 4300 958 4363 ergo
988 4280 1159 4363 quod
1183 4278 1490 4344 certitudo
1515 4277 1662 4342 fidei
1690 4294 1822 4340 non
1850 4276 2064 4340 differt
2088 4296 2129 4340 a
2153 4277 2338 4341 certi-

798 4390 1018 4455 tudine
1047 4387 1209 4471 spei,
1236 4386 1363 4449 nisi
1390 4385 1544 4467 quia
1582 4385 1692 4447 illa
1718 4388 1812 4448 est
1832 4384 1902 4446 in
1948 4384 2291 4448 universali
2321 4432 2338 4462 ,

798 4497 920 4561 ista
945 4498 1013 4559 in
1056 4492 1420 4577 particulari
1448 4512 1465 4570 ;
1495 4490 1604 4554 illa
1638 4494 1855 4554 autem
1907 4490 2236 4570 absoluta,
2282 4496 2345 4556 et

800 4605 920 4668 ista
943 4602 1389 4667 conditionata.
1415 4596 1592 4662 Unde
1615 4598 1921 4662 certitudo
1944 4599 2092 4663 fidei
2117 4599 2345 4663 dicitur

802 4728 936 4775 esse
990 4707 1302 4773 certitudo
1352 4705 1710 4783 fidelitati53
1765 4706 2073 4769 certitudo
2128 4711 2342 4771 autem

804 4818 937 4903 spei
983 4820 1078 4881 est
1122 4815 1433 4899 certitudo
1479 4813 1899 4878 confidentiae.
1948 4813 2345 4880 confidentia

806 4931 1022 4990 autem
1052 4941 1180 4987 non
1209 4926 1303 4986 est
1329 4921 1534 4998 aliud,
1566 4925 1640 4984 ut
1667 4920 1920 5000 dicunt,
1952 4940 2147 5004 quam
2179 4942 2350 5006 quae-

808 5032 956 5095 dam
984 5030 1250 5094 fidelitas
1276 5027 1355 5091 ad
1395 5044 1464 5090 se
1491 5044 1817 5091 conversa.
1850 5026 1958 5091 llle
1994 5029 2170 5091 enim
2197 5047 2347 5093 con·-

813 5139 952 5201 fidit
977 5139 1053 5201 de
1081 5138 1320 5219 aliqum
1352 5134 1468 5217 qui
1496 5134 1691 5198 credit
1719 5136 1960 5217 aliquid
1987 5137 2067 5199 ab
2091 5155 2167 5201 eo
2195 5137 2352 5200 obti-

818 5262 991 5306 11010.
1020 5244 1144 5308 Sed
1178 5244 1294 5306 iste
1322 5242 1553 5306 modus
1592 5241 1835 5304 dicendi
1872 5241 2019 5307 licet
2056 5244 2353 5309 videatur

822 5370 956 5415 esse
980 5351 1321 5433 probabilis
1336 5399 1355 5429 ‚
1398 5368 1531 5413 non
1578 5353 1796 5412 tamen
1832 5352 2101 5432 sufficit,
2132 5371 2249 5435 pro
2275 5373 2351 5420 eo

893 5480 906 5510 ¹
936 5476 1088 5537 Rom„
1112 5490 1163 5537 v,
1192 5479 1235 5523 4.
1260 5501 1321 5511 —
1343 5477 1366 5509 ¹
1396 5474 1566 5531 Arist„
1594 5473 1811 5534 Rhetor„
1838 5474 1927 5525 lib.
1965 5478 2000 5538 t,
2021 5492 2067 5528 c.
2099 5489 2135 5527 1.

1818 563 1825 574 ‚
1903 495 2526 576 SENTENTIARUM
2567 495 2716 562 ΗΒ.
2757 495 2868 560 111.

2430 631 2635 715 quod,
2665 630 2831 694 sicut
2859 627 3089 692 dicitur
3123 626 3191 688 in
3228 623 3446 690 Glossa
3486 642 3688 705 super
3716 623 3873 688 illud
3898 627 3920 660 ¹
3952 648 3969 687 t

2431 738 2732 803 Probatio
2761 741 3060 818 operatur
3089 748 3257 814 spem
3274 780 3290 806 ‚
3321 731 3386 795 id
3411 733 3508 794 est
3530 731 3978 796 certitudinem

2428 846 2561 927 spei
2592 869 2606 909 :
2640 863 2781 927 spes
2802 892 2820 922 ,
2852 847 2922 908 ut
2956 842 3047 905 ibi
3072 840 3285 904 innuit
3309 837 3528 902 Glossa
3550 888 3568 917 ‚
3600 838 3801 903 habet
3827 859 3978 920 pro·

2431 951 2637 1035 priam
2691 948 3132 1014 certitudinem
3177 965 3194 1010 ε
3248 948 3312 1010 01
3354 945 3537 1009 311101·
3592 946 3980 1009 certificatur

2432 1059 2629 1122 homo
2653 1057 2731 1122 de
2754 1057 2958 1120 salute
2999 1053 3342 1118 obtinenda
3363 1071 3479 1134 per
3502 1053 3715 1135 ipsam
3743 1054 3939 1117 fidem
3962 1101 3980 1128 ‚

2431 1165 2614 1228 aliter
2639 1164 3025 1228 certificatur
3049 1179 3162 1243 per
3181 1160 3385 1242 ipsam
3413 1177 3616 1242 spem.
3644 1160 3976 1241 Alioquin,

2433 1270 2483 1332 si
2507 1269 2714 1334 solum
2729 1269 3033 1347 differret,
3056 1268 3223 1331 sicut
3239 1267 3499 1331 scientia
3522 1267 3594 1329 in
3612 1267 3983 1348 particulari

2433 1396 2473 1441 a
2500 1376 2761 1440 scientia
2786 1376 2856 1438 in
2884 1374 3265 1450 universali,
3293 1373 3601 1437 certitudo
3629 1373 3773 1454 spei
3799 1392 3842 1436 a
3860 1391 3985 1437 cer-

2433 1483 2703 1547 titudine
2746 1482 2929 1561 fldei,
2958 1484 3100 1564 jam
3146 1499 3288 1563 spes
3335 1498 3468 1543 non
3517 1486 3687 1543 esset
3731 1480 3986 1544 habitus

2433 1590 2770 1654 distinctus
2816 1595 3039 1653 contra
3079 1588 3282 1670 ipsam
3325 1586 3520 1650 fldem
3542 1636 3561 1665 ‚
3595 1587 3735 1651 imo
3782 1588 3984 1651 eidem

2434 1699 2689 1763 deberet
2748 1697 3170 1763 subalternari
3235 1702 3542 1778 tanquam
3601 1696 3986 1778 particulare

2434 1806 2556 1869 sub
2601 1805 2984 1883 universali,
3025 1803 3129 1868 vel
3180 1802 3447 1885 speciale
3498 1802 3622 1865 sub
3673 1803 3980 1883 generali.

2438 1912 2515 1977 Et
2539 1917 2875 1995 Propterea
2898 1916 2994 1976 est
3032 1911 3198 1975 alius
3237 1911 3465 1974 modus
3495 1910 3787 1986 dicendi,
3820 1911 3980 1993 quod
4004 1911 4120 2009 υἱέ

2435 2019 2572 2102 ipsa
2613 2038 2755 2102 Spes
2800 2019 3250 2084 certitudinem
3299 2017 3491 2081 habet
3512 2064 3532 2094 ‚
3581 2034 3722 2080 non
3780 2018 3980 2080 solum
4007 2029 4136 2071 Ma

2435 2149 2611 2211 eam,
2639 2149 2837 2214 quam
2882 2130 3121 2212 accepit
3160 2149 3199 2192 a
3239 2128 3401 2206 fide,
3436 2128 3549 2192 sed
3584 2128 3794 2192 etiam
3839 2147 3980 2212 pro-

2438 2239 2665 2320 priam,
2689 2256 2838 2320 quae
2864 2236 3286 2317 distinguitur
3313 2255 3354 2298 a
3390 2234 3777 2300 certitudine
3805 2236 3978 2299 fidei:

2437 2348 2500 2407 et
2528 2345 2636 2409 illa
2672 2344 2989 2407 distinctio
3035 2343 3337 2423 cognosci
3370 2346 3575 2426 potest
3622 2360 3745 2424 per
3780 2342 3984 2425 dupli·

2436 2469 2576 2516 cem
2601 2452 3054 2529 differentiam,
3086 2450 3381 2514 videlicet
3419 2451 3671 2514 ratione
3715 2450 3946 2532 objecti
3965 2499 3980 2513 .

2436 2558 2602 2621 circa
2647 2557 2820 2640 quod
2858 2557 3054 2620 habet
3093 2555 3205 2620 illa
3248 2557 3559 2621 certitudo
3595 2558 3890 2635 versari,
3929 2565 3986 2620 et
4060 2575 4096 2640 τέ’

2441 2663 2687 2728 ratione
2716 2664 3024 2746 oppositi,
3053 2663 3159 2727 cui
3200 2662 3392 2727 habet
3424 2664 3808 2727 contrariari
3838 2684 3856 2727 :
3886 2683 3988 2728 ra-
4022 2631 4130 2680 w

2437 2774 2611 2838 tione
2665 2773 2924 2854 objecti,
2973 2773 3126 2854 quia
3172 2772 3330 2837 fides
3378 2776 3442 2835 et
3485 2774 3632 2854 ejus
3683 2772 3988 2836 certitudo

2435 2881 2638 2945 fertur
2697 2898 2894 2963 supra
2937 2881 3140 2962 ipsam
3192 2879 3703 2962 complexionem
3755 2882 3990 2944 rafione

2440 2989 2652 3053 totalis
2678 2988 3176 3071 compositionis·
3206 2987 3318 3052 Est
3343 2987 3520 3052 enim
3538 2988 3986 3051 circaverum:

2441 3101 2504 3161 et
2528 3114 2759 3162 verum
2798 3099 2896 3160 est
2946 3095 3112 3160 circa
3157 3094 3718 3178 compositionem,
3749 3100 3826 3158 ut
3852 3094 3994 3158 dicit

2443 3203 2870 3288 Philosophus
2893 3210 2938 3267 ¹.
2969 3202 3146 3267 Unde
3174 3204 3367 3267 etiam
3394 3202 3463 3264 in
3487 3202 3994 3284 praecedentibm

2441 3316 2766 3376 ostensum
2788 3312 2932 3392 fuit,
2954 3311 3127 3393 quod
3150 3309 3553 3374 enunciabile
3577 3309 3985 3392 complexum

2442 3422 2536 3482 est
2573 3417 2900 3481 articulus,
2945 3416 3101 3499 Spes
3133 3420 3382 3494 autem,
3414 3421 3476 3479 et
3504 3418 3650 3497 ejus
3677 3417 3986 3481 certitudo

2443 3543 2573 3589 non
2601 3529 2695 3589 est
2734 3525 2900 3589 circa
2929 3523 3436 3606 complexionem
3463 3523 3717 3586 ratione
3761 3524 3956 3587 totius
3973 3572 3993 3602 ,

2444 3632 2553 3696 sed
2572 3632 2816 3696 ratione
2843 3632 2937 3696 rei
2955 3632 3298 3695 attributae.
3320 3630 3500 3696 Unde
3537 3649 3693 3695 cum
3722 3632 3992 3696 dicitur:

2444 3766 2474 3801 ι)
2513 3740 2710 3825 Spero
2752 3759 2858 3805 me
2900 3740 3278 3804 habiturum
3320 3740 3529 3804 vitam
3571 3744 3888 3804 aeternam
3906 3790 3924 3817 ,
3961 3760 3992 3797 ι

2446 3869 2578 3913 11011
2606 3853 2901 3932 speratur
2932 3847 3022 3911 ibi
3044 3847 3171 3911 hoc
3200 3846 3442 3911 dictum
3473 3846 3689 3925 totale,
3721 3847 3838 3911 sed
3861 3864 3997 3929 spe-

2443 3955 2627 4021 ratur
2652 3958 2785 4022 vita
2815 3961 3054 4021 aeterna
3088 3978 3103 4019 z
3136 3958 3202 4019 et
3237 3956 3327 4018 ita
3356 3953 3679 4018 certitudo
3709 3956 3852 4037 spei
3883 3972 3999 4018 res-

2446 4064 2600 4147 picit
2627 4064 2836 4147 ipsam
2864 4062 3375 4141 attributionem,
3402 4062 3511 4125 vel
3543 4080 3687 4125 rem
3733 4063 3999 4125 attribu-

2448 4177 2626 4236 tam:
2668 4171 2778 4236 sed
2820 4172 3127 4235 certitudo
3161 4171 3312 4234 fidei
3360 4170 3568 4252 ipsam
3614 4169 4002 4252 complexio-

2448 4298 2620 4343 nem.
2654 4279 2920 4344 Ratione
2947 4279 3140 4343 etiam
3165 4278 3462 4361 oppositi,
3494 4276 3601 4341 cui
3627 4277 3829 4340 habet
3859 4294 4004 4340 cou-

2449 4388 2735 4466 trariari‚
2779 4387 2947 4452 cadit
2988 4385 3077 4450 ibi
3121 4386 3460 4450 distinctio.
3504 4382 3667 4448 Nam
3696 4383 4004 4449 certitudo

2452 4497 2601 4561 fidei
2639 4496 2963 4578 repugnat
3005 4494 3206 4558 errori
3248 4495 3311 4557 et
3354 4491 3742 4556 dubitationi
3775 4512 3792 4555 τ
3836 4491 4005 4555 certi-

2453 4606 2606 4669 tudo
2633 4598 2857 4669 autem
2884 4602 3017 4685 spei
3043 4604 3371 4684 repugnat
3396 4598 3771 4663 diffidentiae
3796 4604 3864 4663 et
3885 4599 4005 4661 hae·

2457 4711 2762 4776 sitationi.
2793 4709 2968 4774 Licet
2993 4711 3210 4772 autem
3241 4708 3380 4771 istae
3406 4706 3554 4770 duae
3598 4707 4007 4770 certitudines

2458 4819 2585 4882 sint
2627 4818 2896 4883 diversae
2919 4865 2938 4895 ,
2978 4820 3197 4880 tamen
3242 4813 3727 4879 communicant
3751 4813 3822 4875 in
3849 4812 4003 4888 hoc,

2460 4926 2633 5008 quod
2682 4929 2951 5006 utraque
2998 4926 3093 4988 est
3133 4922 3408 4986 firmitas
3456 4920 3787 5003 quaedam.
3829 4918 4010 4984 Fides

2460 5033 2637 5097 enim
2661 5033 2878 5095 firmat
2900 5029 3288 5094 intellectum
3314 5077 3330 5104 ‚
3364 5045 3448 5093 ne
3483 5028 3841 5105 discredat;
3877 5044 4010 5110 spes

2462 5144 2678 5204 autem
2699 5141 2914 5202 firmat
2935 5138 3261 5215 affectum,
3290 5154 3375 5199 ne
3398 5134 3664 5199 diffidat.
3689 5133 3772 5198 Et
3796 5154 3880 5199 ex
3897 5134 4008 5197 hoc

2465 5246 2790 5328 colligitur
2817 5244 3000 5308 tertia
3034 5242 3369 5307 diversitas
3379 5290 3399 5321 ,
3440 5260 3572 5324 qua
3622 5241 3841 5307 differt
3875 5259 4004 5306 001·-

2464 5354 2669 5418 titudo
2695 5352 2830 5435 spei
2857 5370 2896 5414 a
2922 5349 3300 5415 certitudine
3328 5349 3477 5414 fidei
3509 5368 3527 5412 ε
3559 5351 3722 5433 qnia
3751 5369 3884 5414 non
3907 5367 4010 5414 so-

2468 5464 2602 5524 tum
2625 5461 2835 5523 differt
2862 5460 3106 5520 ratione
3147 5456 3413 5538 objecti,
3446 5462 3511 5521 et
3540 5458 3787 5522 ratione
3815 5475 4008 5541 oppo-

3969 2502 4127 2544 taem
