4185 6288
490 2019 697 2064 Fundam.

722 476 844 537 2⁴8

717 605 1105 671 credulitate.
1153 602 1232 668 Et
1301 601 1459 666 illud
1512 598 1746 665 sufficit
1806 598 1887 663 ad
1939 597 2252 664 rationem

718 709 1209 793 exemplaritatis
1283 709 1819 791 qualemcunque.
1902 704 2250 788 Praeterea,

719 821 836 885 etsi
860 821 1175 902 quantum
1202 818 1282 882 ad
1311 816 1591 897 gratiam
1618 833 1749 879 non
1779 815 2121 897 praecessit,
2151 820 2253 879 ta-

719 947 868 993 men
920 930 1236 1010 quantum
1299 924 1378 988 ad
1437 923 1712 1004 gloriam
1767 922 2087 1004 praecessit
2133 942 2150 986 ι
2195 926 2258 987 et

717 1034 960 1098 ratione
984 1032 1169 1096 istius
1192 1031 1504 1095 rationem
1535 1029 2034 1112 exemplaritatis
2067 1028 2260 1095 habet

720 1140 950 1206 Christi
997 1137 1465 1221 praedestinatio
1532 1138 1824 1220 respectu
1889 1135 2185 1201 omnium
2237 1156 2255 1200 :

722 1248 855 1329 ipse
896 1248 1067 1310 enim
1098 1249 1192 1310 est
1211 1247 1228 1281 ¹
1253 1247 1721 1328 primoqenitus
1757 1246 1832 1310 in
1863 1245 2086 1311 multis
2127 1244 2262 1324 fra-

722 1355 1002 1433 tribu-3¹,
1025 1341 1382 1437 primatu‘m
1410 1360 1629 1421 tenens
1657 1355 1731 1420 in
1761 1353 2073 1420 omnibus.

1202 1585 1609 1665 QuAEsTm
1654 1554 1786 1650 111.

762 1754 856 1808 An
885 1752 946 1807 in
970 1749 1436 1825 predestinatione
1467 1748 1700 1813 Christi,
1731 1752 1969 1821 respectu
1995 1751 2194 1805 nostroe
2208 1789 2228 1819 ,

1071 1841 1146 1897 sit
1171 1855 1303 1896 vera
1330 1840 1675 1897 causalitatis
1701 1842 1848 1895 ratio
1877 1839 1918 1894 ⁸.

810 2000 1038 2066 Utrum
1064 2002 1132 2065 in
1162 1999 1712 2084 praedestinatione
1730 1999 1959 2064 Christi
1976 2005 2269 2084 respectu

730 2115 964 2176 nostrae
1003 2111 1088 2175 sit
1131 2129 1286 2176 vera
1325 2112 1486 2174 ratio
1530 2109 1940 2192 causalitatis;
1993 2111 2058 2172 et
2101 2109 2271 2191 quod

730 2219 840 2295 sic,
872 2219 1126 2284 videtur
1153 2219 1210 2281 ⁸:
1242 2216 1742 2285 Proedestinavit
1781 2233 1896 2282 nos
1949 2217 2025 2281 in
2067 2215 2273 2297 adop-

732 2326 968 2392 tionem
1011 2325 1296 2406 filiorum
1331 2341 1447 2408 per
1481 2325 1695 2391 Jesum
1742 2323 2071 2391 Christum
2104 2342 2127 2387 .-
2166 2324 2276 2388 sed

733 2452 867 2498 non
920 2434 1046 2497 nisi
1110 2452 1223 2517 per
1285 2433 1605 2499 Christum
1671 2432 2192 2516 praedestinatum
2253 2453 2268 2495 z

734 2558 913 2622 erge,
947 2543 1066 2605 etc.

813 2647 970 2712 Item
1000 2647 1344 2729 Gregorius
1381 2646 1564 2726 dicit,
1599 2645 1772 2729 quod
1812 2644 2278 2729 praedestinatio

728 2758 1000 2838 juvatur
1027 2756 1419 2820 orationibus
1446 2759 1812 2819 sanctorum
1843 2775 1858 2818 :
1893 2771 2051 2834 ergo
2073 2752 2129 2815 si
2154 2751 2279 2814 im-

738 2865 1355 2949 proportionabiliter
1372 2867 1516 2948 plus
1538 2866 1832 2933 efficaciae
1850 2865 2088 2930 habeut
2115 2865 2281 2929 circa

739 2991 858 3036 nos
877 2972 1104 3038 merita
1116 2973 1365 3051 Christi,
1382 2992 1579 3057 quam
1595 2974 1868 3039 aliorum
1887 2978 2278 3049 sanctorum,

741 3083 935 3144 restat
959 3080 1131 3164 quod
1157 3098 1291 3144 non
1322 3080 1532 3147 solum
1555 3099 1668 3164 per
1691 3079 1920 3147 Christi
1956 3081 2284 3166 praedesti-

743 3188 1067 3252 nationem
1091 3192 1308 3252 nostra
1338 3188 1807 3271 praedestinatio
1843 3192 2138 3272 juvatur,
2170 3209 2286 3256 ve-

743 3313 894 3360 rum
938 3295 1129 3361 etiam
1177 3300 1476 3360 causatur
1532 3319 1548 3359 :
1602 3315 1756 3361 nam
1798 3298 2011 3380 ipsum
2057 3299 2286 3379 juvare

669 3503 673 3508 .
745 3401 1025 3485 quodam
1052 3402 1240 3467 modo
1266 3420 1528 3468 causare
1557 3408 1674 3468 est.

522 5376 594 5424 Aa
631 5390 732 5437 opp.

827 3507 986 3574 Item
1002 3510 1168 3575 sicut
1192 3528 1261 3574 se
1287 3509 1480 3575 habet
1525 3510 1755 3576 Christi
1793 3514 2173 3578 resurrectio
2206 3515 2287 3579 ad

747 3621 1031 3683 nostram
1057 3617 1611 3696 resurrectionem,
1659 3618 1749 3682 sic
1792 3637 1858 3683 se
1897 3620 2090 3685 habet
2118 3640 2289 3704 prae-

747 3724 1079 3790 destinatio
1097 3724 1177 3788 ad
1193 3728 1478 3789 nostram
1494 3724 2139 3808 praedestinationem.
2166 3728 2291 3795 Sed

749 3831 1126 3896 resurrectio
1170 3830 1397 3895 Christi
1440 3836 1536 3898 est
1580 3851 1773 3898 causa
1814 3837 2047 3900 nostrae
2064 3885 2082 3913 ‚
2126 3837 2293 3901 sicut

751 3939 981 4004 dicitur
1009 3941 1031 3975 ⁸
1068 3939 1140 4003 in
1184 3938 1398 4004 Glossa
1436 3959 1453 4003 z
1497 3959 1654 4023 ergo
1698 3946 1762 4006 et
1822 3942 2293 4025 praedestinatio

754 4048 981 4113 Christi
1008 4066 1199 4112 causa
1224 4052 1318 4112 est
1343 4048 1912 4131 praedestinationis
1937 4057 2191 4117 nostrae.

833 4158 992 4221 Item
1037 4174 1152 4239 per
1204 4175 1358 4222 eum
1400 4176 1626 4223 sumus
1668 4159 2126 4242 praedestinati,
2182 4180 2295 4245 per

752 4282 949 4348 quem
973 4282 1201 4329 sumus
1228 4265 1452 4330 salvati
1481 4288 1499 4345 3
1530 4265 1640 4331 sed
1666 4267 1890 4331 salvati
1915 4286 2143 4332 sumus
2182 4288 2297 4351 per

753 4372 1080 4437 Christum
1101 4379 1160 4436 ⁶:
1191 4372 1552 4439 Secundum
1576 4390 1760 4439 suam
1786 4376 2298 4443 misericordiam

752 4481 963 4548 salvos
989 4496 1105 4547 nos
1120 4482 1275 4562 tecit
1287 4497 1404 4562 per
1425 4480 1752 4547 lavacrum
1769 4487 2293 4566 reqenerationi3‚

755 4594 812 4657 et
835 4589 1272 4657 renovationis
1300 4588 1586 4670 Spiritus
1613 4592 1849 4667 sancti,
1867 4607 2051 4674 quem
2064 4592 2300 4675 effudit

757 4700 825 4766 in
847 4713 965 4765 nos
984 4714 1103 4780 per
1128 4697 1340 4763 Jesum
1370 4695 1712 4763 Christum.
1740 4696 2065 4764 Etdicitur
2081 4707 2102 4741 ⁷
2129 4701 2300 4783 quod

757 4804 1069 4875 ascendit,
1095 4809 1168 4871 ut
1210 4804 1586 4889 adimpleret
1623 4806 1843 4872 omnia
1867 4811 2109 4873 :restat
2144 4827 2300 4891 ergo

758 4914 930 4995 quod
958 4931 1072 4996 per
1099 4912 1421 4977 Christum
1439 4930 1665 4977 sumus
1691 4913 2159 4993 praedestinati:
2192 4917 2301 4981 sed

760 5019 1046 5084 Christus
1087 5038 1219 5085 non
1259 5023 1449 5098 esset,
1491 5020 1614 5084 nisi
1645 5022 1787 5103 ejus
1827 5022 2302 5104 praedestinatio

761 5129 1178 5212 praecessisset
1213 5150 1227 5194 :
1259 5145 1416 5211 ergo
1444 5128 1914 5212 praedestinatio
1940 5130 2169 5195 Christi
2208 5135 2302 5196 est

761 5252 951 5301 causa
976 5240 1233 5302 nostrae.

841 5344 1071 5409 Contra
1104 5367 1119 5408 :
1157 5351 1216 5409 ι.
1264 5344 1529 5409 Nullum
1564 5348 1878 5410 aeternum
1914 5346 2106 5409 habet
2149 5364 2298 5410 cau-

829 5471 1025 5531 ¹Rom.,
1055 5482 1169 5534 vm,
1199 5474 1355 5523 ²9.-
1377 5472 1400 5506 ¹
1428 5471 1559 5535 Col„
1589 5485 1628 5535 1,
1668 5474 1824 5524 18.—
1845 5473 1868 5508 ⁸
1888 5473 1967 5538 Gt.
2014 5474 2300 5537 Stephanus

1845 460 2477 531 SENTENTIARUM
2517 463 2666 530 LIB.
2711 465 2819 532 111.

2360 618 2498 665 sam
2538 621 2554 664 ε
2601 600 3069 685 praedestinatio
3111 601 3449 684 cuiuslibet
3485 603 3765 670 hominis
3803 609 3901 670 ost

2362 713 2601 776 aeterna
2629 731 2646 776 ε
2676 729 2835 793 ergo
2861 730 2899 775 a
2916 709 3094 776 nullo
3110 715 3205 776 est
3222 715 3477 778 causata
3506 733 3523 777 t
3556 731 3711 795 ergo
3734 732 3900 798 prae-

2362 819 2692 885 destinatio
2715 818 2943 884 Christi
2969 837 3102 883 non
3129 822 3224 885 est
3250 838 3441 886 causa
3473 825 3707 886 nostrae
3738 839 3903 904 prae-

2364 927 2816 992 destinationis.
2842 926 2998 992 Situ
3020 927 3190 993 dicas
3208 928 3379 1010 qnod
3403 927 3524 993 hoc
3549 933 3645 993 est
3657 930 3904 994 ratione

2366 1035 2690 1100 connotati
2713 1035 3074 1118 temporalis
3103 1056 3121 1114 3
3156 1034 3265 1100 sed
3282 1040 3499 1101 contra
3521 1054 3538 1100 ε
3568 1035 3738 1102 Nihil
3755 1054 3904 1120 pos-

2367 1144 2564 1208 terius
2599 1147 2694 1208 est
2733 1162 2922 1207 causa
2953 1143 3183 1226 prioris
3225 1161 3245 1209 t
3293 1143 3403 1209 sed
3439 1144 3698 1210 effectus
3736 1160 3911 1228 prae-

2370 1250 2801 1315 destinationis
2820 1249 3047 1315 Christi
3060 1254 3153 1315 est
3169 1251 3478 1333 posterior
3495 1252 3724 1316 effectu
3742 1269 3912 1335 prae-

2371 1358 2804 1424 destinationis
2831 1362 3087 1441 patrum
3119 1377 3318 1440 :ergo
3333 1408 3354 1438 ,
3389 1363 3505 1424 etc.

2450 1470 2513 1530 2.
2545 1466 2702 1530 ltem
2731 1465 2974 1531 Christo
3000 1484 3132 1531 non
3157 1467 3455 1532 convenit
3475 1466 3917 1550 praedestinari

2371 1573 2494 1638 nisi
2520 1573 2870 1638 secundum
2908 1574 3260 1638 humanam
3286 1577 3584 1639 naturam
3618 1595 3632 1637 ε
3668 1573 3776 1637 sed
3801 1591 3917 1636 se-

2374 1681 2658 1746 cundum
2679 1681 3030 1745 humanam
3051 1683 3351 1745 naturam
3365 1678 3701 1745 nonhabet
3716 1697 3922 1762 super

2375 1808 2493 1853 nos
2520 1788 2948 1853 causalitatem
2972 1810 2986 1851 :
3010 1805 3167 1868 ergo
3184 1787 3649 1869 praedestinatio
3679 1787 3922 1851 Christi

2374 1916 2506 1963 non
2519 1899 2865 1981 potestesse
2877 1915 3067 1962 eausa
3078 1901 3314 1962 nostrae
3324 1894 3925 1979 praedestinationis.

2458 2010 2518 2070 3.
2549 2006 2732 2082 Item,
2763 2003 2817 2067 si
2843 2003 3310 2087 praedestinatio
3338 2002 3569 2067 Christi
3607 2008 3700 2068 est
3724 2021 3931 2068 causa

2378 2117 2644 2190 nostrae,
2696 2113 2810 2176 aut
2857 2112 3100 2175 ratione
3145 2111 3509 2194 principalis
3553 2112 3928 2193 significati,

2380 2226 2493 2285 aut
2536 2221 2781 2285 ratione
2827 2218 3149 2284 connotati
3192 2237 3209 2282 ι
3259 2217 3503 2283 ratione
3555 2219 3933 2302 principalis

2380 2328 2746 2410 significati,
2775 2347 2935 2406 non;
2977 2328 3101 2392 hoc
3127 2331 3370 2391 constat
3416 2346 3432 2392 ε
3481 2344 3639 2408 ergo
3675 2326 3934 2391 ratione

2380 2436 2723 2501 connotati.
2763 2435 2887 2501 Sed
2923 2441 3140 2500 contra
3178 2436 3199 2471 ⁸
3234 2457 3248 2500 ε
3293 2436 3520 2502 Gratia
3550 2441 3610 2500 et
3643 2433 3853 2517 qloria
3894 2453 3939 2499 a

2381 2544 2515 2608 solo
2551 2543 2677 2608 Deo
2707 2547 2802 2608 est
2837 2550 3141 2627 tanquam
3178 2561 3219 2608 a
3261 2563 3452 2608 causa
3493 2565 3510 2607 ι
3542 2560 3675 2606 non
3700 2558 3868 2621 ergo
3895 2560 3939 2606 a

2384 2651 2933 2736 praedestinatione
2963 2651 3210 2716 Christi.

2463 2766 2524 2825 4.
2555 2761 2716 2827 Item
2741 2762 3118 2843 contingens
3143 2778 3272 2825 non
3299 2765 3393 2824 est
3418 2777 3610 2824 causa
3635 2777 3939 2824 necessa-

2386 2869 2465 2933 rii
2500 2869 2647 2934 :sed
2674 2871 2821 2933 ante
2861 2868 3208 2934 adventum
3238 2867 3464 2932 Christi
3502 2866 3940 2932 necessarium

2386 2976 2510 3041 ruit
2534 2975 2783 3058 aliquos
2821 2976 3293 3058 praedestinatos
3331 2974 3553 3055 fuisse,
3587 2975 3728 3039 illos
3754 2974 3944 3040 vide-

2387 3084 2529 3149 licet
2558 3084 2673 3168 qui
2712 3085 2950 3150 mortui
2976 3084 3239 3148 fuerunt
3263 3101 3410 3149 cum
3440 3083 3650 3166 gratia
3677 3102 3694 3146 z
3720 3081 3940 3148 Chris-

2390 3195 2532 3255 tum
2557 3197 2774 3257 autem
2817 3191 3111 3275 possibile
3147 3191 3270 3255 fuit
3294 3208 3425 3255 non
3460 3190 3800 3269 incarnari,
3832 3191 3943 3256 vel

2390 3300 2598 3376 nasci,
2624 3303 2687 3364 et
2716 3301 2808 3363 ita
2850 3318 2969 3364 nec
3006 3318 3141 3364 esse
3179 3299 3697 3381 praedestinatum
3727 3321 3742 3362 ε
3776 3316 3943 3379 ergo

2392 3407 2860 3490 praedestinatio
2916 3409 3057 3489 eJus
3114 3424 3244 3472 non
3297 3406 3503 3489 potuit
3555 3424 3691 3470 esse
3740 3424 3942 3470 causa

2392 3514 2686 3579 aliarum.

2938 3735 3387 3804 CONCLUSIO.

2400 3931 2815 3990 Praedestinatio
2834 3932 3036 3990 Christi
3050 3933 3265 3987 ratione
3276 3933 3549 3988 connotati
3561 3945 3668 3985 non
3684 3934 3761 3985 est
3779 3945 3951 3986 causa

2469 4023 2696 4092 efficiens
2719 4023 2917 4079 nostroe
2939 4021 3436 4094 praedestinationis
3451 4060 3467 4087 ,
3497 4019 3593 4076 sed
3618 4020 3951 4091 dispositiva

2466 4128 2567 4185 per
2591 4114 2870 4177 meritam,
2899 4116 2952 4168 et
2979 4114 3276 4168 excitativa
3292 4126 3393 4183 per
3420 4111 3736 4183 exemplum.

2484 4290 2666 4373 Resp.
2697 4289 2776 4355 ad
2794 4308 2936 4372 arg.
2958 4288 3305 4355 Dicendum
3320 4288 3514 4373 quod,
3531 4288 3586 4352 si
3604 4288 3953 4371 loquamur

2404 4398 2480 4462 de
2510 4396 3058 4480 praedestinatione
3078 4395 3326 4476 Christi,
3355 4400 3421 4461 et
3430 4400 3668 4474 nostra,
3697 4396 3951 4460 ratione

2405 4504 2766 4588 principalis
2811 4504 3151 4585 significati
3166 4552 3183 4580 ‚
3231 4506 3457 4567 neutra
3507 4502 3805 4566 neutrius
3857 4506 3954 4566 est

2407 4631 2625 4692 causa,
2665 4630 2814 4676 cum
2852 4614 3123 4694 utraque
3163 4611 3244 4674 sit
3284 4615 3553 4689 aeterna,
3597 4627 3951 4693 omnesque

2407 4722 2535 4785 sint
2554 4738 2762 4785 unum
2778 4720 2845 4783 in
2874 4719 3247 4783 substantia.
3274 4717 3338 4782 Si
3362 4721 3580 4782 autem
3603 4717 3951 4800 loquamur

2408 4831 2652 4894 ratione
2683 4827 3034 4906 connotati,
3065 4832 3222 4891 tunc
3262 4825 3789 4907 distinguendum
3828 4828 3944 4903 est,

2328 4990 2333 4997 .
2407 4937 2559 5019 quia
2611 4940 2704 5000 est
2753 4954 2944 4999 causa
2994 4936 3063 4998 in
3115 4951 3350 5016 genere
3389 4932 3738 5011 efficientiS,
3797 4949 3946 5016 quae

2408 5045 2662 5128 proprie
2679 5043 2913 5109 dicitur
2930 5062 3142 5122 causa,
3164 5042 3242 5107 de
3256 5060 3382 5125 qua
3398 5059 3573 5106 nunc
3589 5041 3942 5124 loquimur.

2410 5152 2489 5215 Et
2514 5152 2654 5215 haec
2692 5156 2786 5216 est
2813 5151 2881 5214 in
2906 5149 3136 5233 triplici
3176 5148 3529 5214 differentia
3549 5197 3566 5228 ,
3598 5149 3830 5214 scilicet
3863 5148 3948 5212 et-

2411 5326 2709 5391 Brulet,111
2743 5326 2902 5387 Seni„
2930 5325 3050 5376 dist.
3080 5335 3153 5387 ιι,
3184 5338 3237 5389 q.
3268 5336 3346 5377 ιιι.
3380 5324 3473 5362 -⁴
3501 5322 3704 5386 Ephe-r„
3734 5335 3774 5386 1,
3802 5326 3849 5372 5.
3878 5344 3941 5358 -

2410 5401 2431 5434 ⁸
2445 5400 2632 5463 Gloss.‚
2648 5400 2796 5461 sup.1
2817 5398 2954 5461 Gon,
2970 5409 3057 5461 xv,
3075 5400 3154 5448 20.
3171 5397 3265 5437 -θ
3283 5397 3374 5448 rit.
3416 5407 3497 5460 111,
3513 5398 3561 5457 5,
3577 5396 3724 5445 6.--7
3744 5394 3941 5459 ΕρΙιεσ.,

2418 5485 2489 5537 iv,
2518 5470 2861 5523 to.—⁸Psal.
2891 5480 3110 5532 nxxxxu,
3141 5471 3214 5521 12.
