4185 6288
1197 510 1393 579 mS'r.
1435 508 1651 578 XXIII.
1693 511 1882 579 ART.
1927 512 1976 577 Ι.
2015 508 2318 590 QUAEST.
2362 511 2471 577 111.

223 652 362 716 tum
389 650 672 734 primum
703 652 849 717 fidei
879 668 1088 715 unum
1117 654 1241 727 est,
1272 648 1425 713 hinc
1458 651 1552 712 est
1592 648 1763 730 quod

222 774 473 822 necesse
515 761 609 822 est
648 757 947 822 virtutem
994 756 1141 821 fidei
1182 774 1317 819 esse
1361 773 1585 819 unam.
1629 753 1763 818 Hoc

223 866 440 928 autem
468 864 720 947 planius
748 868 918 947 patet
952 882 1067 948 per
1095 863 1469 945 exemplum
1508 863 1580 925 in
1608 880 1769 926 con-

223 969 438 1035 simili.
469 969 646 1036 Sicut
683 972 858 1036 enim
898 972 1191 1036 videmus
1230 971 1403 1053 quod
1427 956 1504 1032 ‘in
1545 969 1769 1033 habitu

226 1076 483 1141 videndi
534 1078 746 1144 virtus
798 1078 1005 1143 visiva
1052 1079 1246 1143 habet
1288 1078 1610 1160 objectum
1654 1094 1769 1160 per

225 1183 535 1263 accidens,
579 1185 744 1249 sicut
782 1184 1060 1251 dicimur
1102 1186 1324 1250 videre
1374 1202 1616 1267 equum
1664 1184 1769 1248 vel

224 1290 604 1371 hominem;
649 1292 840 1356 habet
887 1294 1081 1357 etiam
1131 1293 1456 1376 objectum
1500 1310 1616 1374 per
1660 1309 1765 1367 se,

225 1396 392 1462 sicut
427 1398 703 1464 dicimur
733 1400 947 1465 videre
977 1400 1196 1465 album
1223 1405 1286 1464 et
1328 1401 1622 1482 nigrum;
1652 1399 1766 1463 ha·

225 1505 335 1570 bet
373 1505 563 1570 etiam
591 1508 913 1588 objectum
948 1524 1078 1572 non
1124 1507 1334 1572 solum
1375 1526 1489 1590 per
1519 1526 1586 1572 se
1609 1556 1627 1584 ,
1659 1507 1769 1571 sed

229 1613 423 1677 etiam
449 1614 679 1697 primo,
704 1614 871 1680 sicut
894 1614 1169 1681 dicimur
1191 1616 1405 1680 videre
1436 1616 1721 1680 lucidum
1748 1634 1766 1679 t

229 1723 294 1783 et
319 1721 613 1802 quamvis
642 1721 960 1804 objectum
996 1740 1112 1805 per
1136 1721 1453 1801 accidens,
1483 1722 1619 1786 sive
1653 1722 1773 1784 ob·-

222 1828 469 1909 jectum
499 1827 822 1892 materiale
849 1828 1051 1911 ipsius
1092 1829 1274 1894 visus
1310 1828 1768 1893 diversificetur

229 1935 298 1996 in
336 1935 540 2017 specie
563 1983 580 2013 ‚
606 1935 775 2000 sicut
816 1953 1019 2018 equus
1053 1935 1266 2001 differt
1303 1936 1510 2019 specie
1534 1936 1616 2000 ab
1648 1936 1771 2000 ho-

229 2040 426 2117 mine,
455 2045 519 2106 et
543 2042 735 2107 etiam
762 2044 1084 2126 objectum
1115 2062 1228 2127 per
1253 2062 1318 2108 se
1348 2043 1555 2127 specie
1583 2042 1768 2108 diffe-

229 2152 349 2229 rat,
380 2148 543 2212 sicut
570 2148 791 2213 album
816 2151 1023 2233 specie
1050 2150 1260 2214 differt
1285 2168 1325 2213 a
1349 2153 1543 2232 nigro
1582 2172 1599 2213 t
1641 2169 1772 2215 non

227 2261 445 2321 tamen
494 2256 751 2322 habitus
793 2258 1052 2322 videndi
1100 2248 1452 2322 secundum
1494 2258 1771 2341 speciem

229 2364 723 2446 diversificatur,
754 2365 912 2448 quia
938 2365 1100 2430 ratio
1139 2365 1371 2446 objecti
1411 2365 1637 2448 primi,
1667 2365 1774 2428 vi-

230 2471 456 2537 delicet
479 2471 616 2555 ἥρω
637 2472 1062 2552 luminositas,
1092 2491 1224 2536 una
1250 2473 1437 2536 estin
1465 2472 1642 2535 omni
1671 2472 1773 2538 vi-

230 2581 425 2646 sibili.
457 2580 565 2646 Sic
589 2584 654 2647 et
681 2582 750 2646 in
781 2581 1101 2666 proposito
1129 2581 1616 2664 intelligendum
1645 2586 1770 2661 cst,

229 2689 402 2772 quod
427 2688 572 2753 licet
595 2689 751 2754 fides
773 2690 1009 2754 habeat
1035 2689 1236 2753 multa
1264 2689 1511 2771 objecta
1541 2708 1656 2772 per
1678 2707 1775 2754 ac-

228 2796 466 2874 cidens,
518 2795 682 2860 sicut
727 2796 943 2860 omnia
984 2815 1130 2878 quse
1170 2801 1653 2878 consequuntur
1693 2797 1773 2861 ad

227 2902 565 2983 articulos;
606 2904 807 2968 multa
836 2903 1025 2968 etiam
1056 2904 1302 2986 objecta
1327 2922 1440 2987 per
1467 2923 1566 2983 se,
1607 2905 1774 2968 sicut

226 3012 422 3076 etiam
469 3011 638 3094 ipsos
678 3009 975 3075 articulos
1019 3009 1234 3093 plures
1274 3014 1336 3074 et
1378 3010 1702 3074 distinctos
1749 3031 1767 3074 ε

226 3120 385 3203 quia
408 3123 625 3184 tamen
660 3137 794 3185 una
819 3121 914 3183 est
944 3118 1105 3183 ratio
1132 3117 1424 3184 credendi
1451 3117 1521 3181 in
1559 3118 1773 3183 omni-

226 3228 382 3303 bus,
411 3228 704 3293 videlicet
727 3227 866 3310 ipsa
900 3244 1156 3291 summa
1179 3226 1411 3290 veritas
1440 3275 1456 3302 ‚
1487 3226 1593 3290 cui
1634 3227 1771 3310 ipsa
1815 3255 1834 3268 ·

224 3334 386 3399 fldoe
422 3333 723 3399 innititur
765 3336 1021 3417 propter
1049 3351 1150 3409 se,
1182 3336 1244 3396 et
1282 3350 1474 3415 super
1510 3333 1765 3413 omnia;

225 3440 369 3505 ideo
395 3440 530 3522 ipsa
554 3441 709 3504 fides
726 3443 822 3505 est
846 3440 1051 3523 specie
1074 3459 1226 3517 una,
1253 3443 1769 3523 quantacumque

227 3547 585 3631 reperiatur
632 3547 700 3610 in
751 3547 1078 3612 credendis
1125 3546 1502 3611 differentia.
1556 3544 1632 3610 Et
1675 3550 1770 3611 est

225 3653 436 3718 simile
468 3676 483 3718 ε
514 3654 571 3718 si
615 3671 758 3735 ego„
779 3653 1101 3719 crederem
1148 3653 1337 3717 alicui
1376 3653 1625 3717 homini
1663 3672 1770 3717 ve-

224 3763 381 3841 raci,
411 3762 564 3845 quia
586 3779 786 3828 verax
807 3765 925 3839 est,
957 3761 1176 3828 eadem
1212 3761 1608 3842 credulitate,
1638 3781 1771 3845 qua

222 3869 550 3934 crederem
596 3869 808 3952 ipsum
861 3886 996 3933 esse
1057 3886 1348 3932 veracem
1370 3917 1389 3948 ,
1447 3869 1765 3933 crederem

221 3978 443 4044 omnia
485 3996 622 4043 esse
656 3996 809 4042 vera
852 3994 999 4060 quae
1043 3977 1214 4057 dicit,
1258 3982 1768 4060 quantumcum-

220 4105 352 4171 que
365 4087 443 4150 de
464 4085 733 4152 diversis
750 4084 1029 4148 materiis
1042 4084 1431 4167 loqueretur.
1454 4083 1573 4148 Per
1592 4086 1768 4149 hunc

221 4194 492 4258 modum
533 4193 603 4257 in
658 4191 981 4277 proposito
1024 4193 1514 4275 intelligendum
1537 4196 1653 4259 est.
1690 4191 1770 4256 Et

218 4300 458 4364 ideirco
476 4299 890 4365 concedendae
917 4303 1065 4366 sunt
1077 4299 1353 4365 rationes
1370 4299 1768 4364 ostendentes

217 4407 418 4473 fldem
453 4407 685 4473 habere
727 4408 1035 4473 unitatem
1082 4408 1438 4473 secundum
1463 4407 1763 4490 speciem.

307 4521 365 4580 1.
419 4514 514 4578 Ad
556 4514 712 4578 illud
755 4532 910 4580 vero
955 4515 1127 4597 quod
1170 4515 1378 4598 primo
1428 4514 1764 4597 objicitur,

215 4622 397 4708 quod
422 4625 598 4686 actus
635 4620 1147 4686 diversificantur
1186 4639 1299 4703 per
1325 4621 1604 4703 objecta,
1631 4624 1767 4704 jam

217 4734 397 4815 patet
421 4729 747 4812 responsio
766 4777 783 4805 ‚
811 4729 1116 4811 quoniam
1142 4729 1266 4793 hoc
1293 4747 1426 4793 non
1455 4728 1765 4810 intelligi-

216 4843 333 4904 tur
376 4837 456 4901 de
494 4854 907 4919 quocumque
944 4835 1211 4918 objectu,
1255 4836 1365 4901 sed
1405 4836 1483 4900 de
1523 4836 1767 4917 objecto

215 4946 399 5029 quod
444 4948 539 5009 est
579 4944 900 5026 objectum
933 4962 1047 5027 per
1076 4961 1154 5007 se
1194 4948 1258 5007 et
1295 4942 1503 5027 primo
1549 4962 1567 5009 t
1596 4943 1769 5027 quod

215 5052 482 5137 quidem
527 5069 658 5116 non
696 5055 949 5116 tantum
988 5051 1181 5115 habet
1206 5051 1517 5115 rationem
1560 5056 1764 5115 mate-

216 5161 431 5242 rialis,
461 5160 573 5226 sed
611 5159 804 5226 etiam
831 5159 1142 5224 rationem
1169 5159 1357 5223 activi
1386 5163 1450 5224 et
1490 5159 1712 5223 motivi
1747 5183 1763 5225 :

217 5271 346 5338 hoc
389 5274 610 5337 autem
654 5269 843 5335 modo
890 5284 1027 5331 non
1072 5271 1166 5331 aet
1206 5267 1523 5350 objectum
1579 5267 1765 5347 fidei,

214 5508 255 5561 fi
280 5432 521 5562 (gl-Edit.
549 5430 687 5496 Van„
713 5430 845 5483 illas.
868 5455 930 5470 -
949 5426 1021 5493 (ὁ)
1046 5424 1429 5481 diversificatur.
1452 5454 1513 5470 -
1531 5429 1591 5494 (c)
1615 5443 1771 5496 nego-

257 5523 286 5561 a
374 5543 389 5559 .

3298 494 3421 575 491

1873 647 1996 713 nisi
2025 648 2164 731 ipsa
2190 665 2445 712 summa
2477 645 2710 711 veritas
2729 694 2746 725 ,
2777 645 2940 709 sicut
2977 644 3146 709 infra
3182 643 3414 709 melius
3508 628 3515 633 ’

1873 756 2131 840 patebit,
2161 774 2311 820 cum
2338 756 2416 820 de
2441 755 2687 836 objecto
2710 753 2855 817 fldei
2879 752 3258 835 inquiretur.

1952 870 2014 930 2.
2060 865 2158 928 Ad
2203 863 2359 927 illud
2404 862 2576 945 quod
2617 860 2951 943 oincitur,
2998 861 3169 942 quod
3210 860 3299 925 sic
3346 879 3412 925 se

1873 973 2066 1037 habet
2091 972 2246 1036 fides
2290 970 2371 1035 ad
2410 968 2755 1044 credibilia,
2798 968 2959 1032 sicut
2991 969 3287 1033 voluntas
3326 971 3405 1033 ad

1873 1079 2092 1156 volita,
2124 1084 2188 1144 et
2211 1078 2468 1143 scientia
2496 1076 2574 1141 ad
2602 1075 2864 1151 scibilia,
2882 1074 3220 1140 dicendum
3239 1077 3408 1158 quod

1874 1206 2005 1253 non
2034 1191 2128 1252 est
2152 1186 2357 1251 simile
2374 1235 2396 1265 ,
2428 1184 2735 1269 quoniam
2761 1183 3023 1247 scientia
3050 1184 3123 1247 in
3148 1183 3412 1248 diversis

1873 1294 2201 1378 speciebus
2239 1292 2563 1358 scibilibus
2594 1292 2875 1357 diversas
2901 1290 3188 1355 intuetur
3211 1291 3413 1355 ratio-

1875 1419 2019 1478 nes,
2051 1404 2117 1465 et
2151 1401 2401 1465 diversa
2438 1398 2647 1463 media
2674 1415 2786 1481 per
2813 1415 2960 1480 quae
2988 1396 3095 1461 illa
3133 1415 3412 1478 coguos-

1877 1509 1980 1573 cit.
2011 1507 2315 1573 Similiter
2341 1507 2638 1572 voluntas
2664 1506 2732 1568 in
2771 1504 3037 1568 diversis
3069 1504 3283 1568 volitis
3309 1504 3410 1568 di·-

1876 1634 2060 1680 versa
2083 1616 2370 1680 intuetur
2398 1612 2758 1697 appetibilia
2787 1629 2898 1694 per
2926 1629 3070 1693 quae
3101 1611 3209 1675 illa
3231 1629 3419 1694 appe-

1876 1724 1974 1788 tit.
2028 1722 2173 1788 Ideo
2206 1727 2340 1786 tam
2384 1723 2703 1796 voluntas,
2747 1737 2942 1802 quam
2987 1717 3277 1797 scientia,
3326 1718 3416 1783 di-

1879 1832 2321 1896 versificantur
2367 1847 2561 1912 penes
2598 1827 2706 1891 illa
2733 1829 2850 1909 (α),
2899 1844 3048 1909 quae
3090 1825 3324 1909 appetit
3354 1829 3419 1889 et

1878 1938 2224 2018 cognoscit.
2256 1936 2441 2001 Fides
2475 1939 2692 1999 autem
2716 1933 2975 1998 unicam
3001 1932 3289 1997 intuetur
3315 1950 3415 1996 ra-

1878 2045 2140 2122 tionem,
2189 2043 2541 2108 secundum
2586 2059 2783 2125 quam
2824 2041 3041 2104 omnia
3094 2039 3419 2104 credibilia

1879 2152 2098 2217 credit.
2140 2151 2218 2215 Et
2256 2152 2396 2216 ideo
2441 2153 2698 2233 propter
2739 2147 3169 2213 diversitatem
3214 2148 3416 2212 credi-

1880 2260 2112 2325 bilium
2152 2280 2286 2325 non
2315 2260 2506 2324 habet
2536 2256 2971 2323 diversificari.

1962 2372 2020 2431 3.
2058 2367 2158 2431 Ad
2196 2366 2352 2430 illud
2392 2365 2562 2449 quod
2606 2365 2926 2447 objicitur,
2969 2363 3140 2447 quod
3176 2364 3417 2428 donum

1879 2474 2179 2552 scientiae,
2210 2478 2271 2538 et
2288 2473 2636 2556 sapientiae,
2653 2464 3184 2551 diversificantur,
3205 2471 3418 2535 dicen-

1880 2583 2036 2646 dum
2066 2582 2236 2665 quod
2258 2599 2390 2645 non
2414 2585 2508 2645 est
2531 2579 2759 2658 simile,
2795 2579 2948 2661 quia
2973 2578 3281 2661 sapientia
3314 2598 3420 2643 ne-

1879 2690 2166 2771 gotiatur
2223 2689 2391 2753 circa
2446 2693 2687 2752 aeterna
2739 2686 3090 2751 secundum
3147 2687 3423 2751 rationes

1879 2801 2172 2873 aeternaS,
2205 2801 2268 2860 et
2292 2796 2557 2860 scientia
2585 2794 2749 2859 circa
2781 2792 3157 2876 temporalia
3182 2813 3417 2859 secun-

1879 2904 2036 2968 dum
2065 2904 2346 2968 rationes
2372 2901 2749 2985 temporales
2778 2918 2795 2962 x
2827 2904 2890 2964 et
2923 2900 3066 2965 ideo
3103 2900 3415 2966 diversifi-

1879 3013 2106 3074 cantur
2144 3010 2219 3093 (b)
2244 3060 2261 3091 ‚
2305 3010 2456 3093 quia
2495 3009 2907 3091 negotiantur
2947 3007 3015 3089 (c)
3064 3008 3421 3073 secundum

1879 3118 2154 3182 rationes
2180 3118 2333 3183 alias
2364 3123 2428 3183 et
2452 3117 2627 3182 alias,
2664 3115 2846 3181 Fides
2871 3119 3086 3182 autem
3112 3135 3243 3181 non
3284 3118 3414 3197 sic;

1878 3225 2011 3291 imo
2040 3230 2174 3290 tam
2198 3228 2362 3290 circa
2407 3230 2641 3304 creata,
2694 3243 2891 3307 quam
2937 3225 3101 3288 circa
3140 3225 3418 3290 increata

1878 3338 2171 3397 versatur
2197 3333 2548 3398 secundum
2588 3332 2900 3396 dictamen
2927 3332 3211 3396 veritatis
3238 3337 3422 3397 aeter·

1878 3457 1981 3504 nae
2014 3461 2028 3504 :
2064 3445 2129 3504 et
2152 3441 2294 3505 ideo
2316 3459 2449 3505 non
2475 3440 2564 3504 sic
2587 3440 2775 3503 habet
2802 3438 3235 3503 diversificari.

1958 3552 2019 3610 4.
2050 3547 2149 3611 Ad
2177 3547 2335 3611 illud
2370 3547 2543 3630 quod
2570 3546 2868 3629 objicitur
2885 3596 2902 3626 ,
2942 3546 3114 3628 quod
3140 3547 3333 3612 timor
3359 3553 3422 3610 et

1877 3671 2020 3735 spes
2059 3654 2606 3731 diversificantur,
2639 3655 2789 3736 quia
2824 3659 2974 3717 sunt
3012 3654 3092 3717 de
3131 3653 3316 3718 bonis
3360 3658 3423 3718 et

1879 3761 2103 3842 malis3
2137 3762 2475 3826 dicendum
2502 3762 2672 3844 quod
2700 3780 2830 3825 non
2865 3766 2959 3825 est
2997 3761 3237 3841 simile,
3268 3762 3423 3845 quia

1879 3870 2073 3933 timor
2110 3869 2365 3950 respicit
2406 3868 2647 3933 malum
2691 3868 3045 3932 secundum
3080 3868 3252 3950 quod
3279 3886 3423 3933 ma-

1877 3977 2037 4056 lum,
2056 3981 2122 4050 et
2145 3995 2287 4059 spes
2313 3977 2555 4041 bonum
2575 3977 2928 4040 secundum
2951 3977 3122 4058 quod
3149 3976 3415 4055 bonum,

1879 4087 1943 4147 et
1993 4084 2080 4147 ita
2138 4085 2492 4149 secundum
2544 4084 2819 4149 rationes
2877 4083 3180 4148 diversas.
3231 4084 3421 4149 Fides

1878 4196 2097 4258 autem
2137 4194 2303 4258 bona
2330 4197 2394 4257 et
2423 4194 2586 4257 mala
2616 4212 2746 4258 non
2781 4192 3161 4273 considerat,
3193 4193 3319 4256 nisi
3345 4193 3414 4255 in

1879 4305 2196 4383 quantum
2224 4302 2456 4365 cadunt
2494 4300 2612 4364 sub
2639 4300 2978 4364 dictamine
3004 4298 3319 4376 veritatis,
3352 4305 3416 4364 et

1878 4407 2106 4491 itasub
2147 4409 2388 4473 ratione
2415 4425 2550 4471 una
2587 4429 2603 4472 ι
2634 4408 2725 4471 ita
2767 4407 2940 4471 enim
2978 4407 3174 4470 credit
3214 4407 3416 4471 malos

1877 4515 2119 4599 puniri,
2149 4514 2311 4579 sicut
2335 4515 2549 4579 beatos
2576 4513 2921 4596 praemiari.
2951 4513 3042 4577 lta
3076 4513 3270 4577 etiam
3300 4532 3416 4579 ve-

1878 4642 2026 4687 rum
2067 4628 2162 4687 est
2206 4642 2434 4699 unum,
2480 4623 2644 4687 sicut
2687 4626 2749 4687 et
2791 4622 3108 4705 reliquum
3158 4644 3173 4684 t
3217 4626 3281 4685 et
3325 4621 3414 4686 ita

1878 4732 2066 4796 dictat
2092 4732 2329 4796 veritas
2355 4750 2585 4810 unum,
2614 4731 2775 4794 sicut
2800 4733 2862 4794 et
2884 4730 3177 4794 alterum.
3266 4797 3279 4805 ,

1960 4846 2018 4905 5.
2049 4839 2146 4904 Ad
2185 4840 2342 4904 illud
2379 4840 2551 4922 quod
2576 4839 2905 4921 objicitur,
2936 4839 3107 4920 quod
3134 4839 3291 4904 fides
3317 4839 3416 4904 di-

1878 4948 2032 5030 rigit
2098 4964 2320 5010 omnes
2381 4946 2688 5024 virtutes,
2740 4944 3079 5009 dicendum
3125 4946 3296 5027 quod
3338 4964 3420 5010 ex

1879 5053 2000 5118 hoc
2027 5071 2158 5116 non
2186 5052 2474 5135 sequitur
2492 5100 2513 5131 ,
2542 5053 2713 5135 quod
2744 5053 2901 5120 fides
2926 5051 3008 5115 sit
3051 5052 3257 5116 virtus
3299 5070 3418 5135 ge-

1878 5159 2131 5239 neralis,
2162 5178 2279 5242 pro
2304 5178 2380 5224 eo
2407 5160 2578 5242 quod
2600 5159 2913 5241 contingit
2938 5159 3207 5224 virtutes
3244 5159 3412 5243 seip-

1880 5287 1984 5332 sas
2011 5268 2543 5333 circumiacedere
2565 5315 2583 5348 ,
2610 5271 2673 5332 et
2699 5268 3021 5350 objectum
3063 5266 3258 5332 unius
3286 5268 3418 5334 vir-

1881 5376 2035 5442 tutis
2059 5377 2223 5443 bene
2247 5378 2452 5460 potest
2474 5392 2611 5441 esse
2650 5374 2973 5440 materiale
2999 5372 3258 5439 alterius
3282 5374 3423 5440 vir-

1888 5483 2063 5562 tutis,
2101 5488 2166 5550 et
2208 5488 2423 5551 tamen
2461 5484 2543 5550 ab
2587 5482 2864 5550 invicem
2902 5481 3213 5549 distinctae
3249 5485 3422 5556 sunt,
