4185 6288
1340 508 1537 575 ms'r.
1580 507 1796 576 xvm.
1843 507 2026 575 ΛΒΤ.
2075 511 2128 577 1.
2168 510 2471 590 QnAEs‘r.
2514 513 2567 578 1.

334 644 580 728 primus
603 643 844 710 facilior
867 647 962 710 oet
986 649 1053 710 et
1088 644 1514 723 communior,
1546 648 1610 709 et
1653 663 1881 711 secun·

332 751 488 816 dum
515 751 705 816 istam
750 752 924 818 viam
967 752 1156 836 plana
1194 754 1291 816 est
1326 751 1409 816 ad
1450 753 1696 835 objecta
1740 771 1874 817 res-

332 860 574 942 ponsio,
613 858 776 925 Nam
820 860 993 943 quod
1038 860 1270 926 dicitur
1303 860 1587 926 Christus
1631 861 1713 925 ab
1739 860 1877 925 ins-

330 969 487 1032 tanti
536 969 966 1052 conceptionis
1001 986 1138 1033 suae
1192 968 1387 1033 tuisse
1412 970 1536 1048 vir,
1591 972 1655 1035 et
1702 971 1875 1054 quod

331 1076 562 1141 dicitur
615 1076 697 1141 ab
747 1076 1009 1140 instanti
1054 1094 1191 1141 suae
1253 1076 1683 1159 conceptionis
1735 1096 1871 1145 me-

329 1181 558 1260 ruisse,
589 1181 711 1248 hoc
736 1182 966 1247 dicitur
986 1186 1301 1266 quantum
1329 1181 1410 1248 ad
1438 1185 1729 1251 habitum
1758 1207 1776 1252 :
1811 1189 1875 1252 et

328 1288 450 1353 hoc
506 1287 723 1354 innuit
768 1289 986 1373 ipsum
1035 1290 1310 1356 verbum
1365 1289 1677 1374 Gregorii,
1721 1312 1872 1358 cum

330 1394 481 1461 dicit
510 1417 528 1462 t
567 1419 599 1458 α
639 1395 782 1462 Νοιι
824 1396 948 1461 sibi
988 1397 1272 1462 Christus
1297 1398 1446 1481 plus
1489 1400 1726 1466 meruit
1759 1420 1875 1484 per

327 1504 537 1569 crucis
579 1504 939 1588 patibulum
961 1553 980 1585 ,
1034 1523 1233 1588 quam
1280 1506 1363 1570 ab
1414 1507 1552 1590 ipsa
1602 1526 1873 1592 concep-

328 1612 498 1677 tione
521 1631 639 1695 per
665 1612 942 1694 gratiam
977 1613 1313 1678 virtutum.
1354 1636 1386 1672 n
1428 1611 1713 1680 Notabile
1751 1620 1867 1697 est,

329 1720 496 1802 quod
537 1720 692 1786 dicit
723 1735 841 1802 per
867 1720 1184 1787 virtutum
1217 1722 1503 1804 qratiam
1520 1769 1539 1801 ,
1593 1741 1726 1788 non
1757 1742 1873 1807 per

327 1827 640 1893 virtutum
697 1846 915 1893 usum.
969 1827 1207 1893 Habuit
1260 1829 1435 1894 enim
1500 1831 1776 1912 gratiam
1830 1852 1871 1897 a

328 1934 660 2018 principi0,
687 1934 776 2000 ita
800 1935 972 2018 quod
1020 1935 1092 2000 in
1120 1937 1260 2020 ipso
1285 1936 1626 2021 principi03
1675 1958 1870 2004 usum

328 2059 480 2106 vero
511 2041 737 2107 habuit
774 2062 812 2107 a
845 2042 1180 2126 principio,
1213 2044 1302 2108 ita
1329 2044 1501 2127 quod
1527 2050 1667 2128 post
1694 2046 1870 2129 prin-

326 2149 588 2233 cipium.
623 2149 700 2215 Et
724 2150 777 2214 si
814 2154 887 2216 tu
932 2151 1196 2235 objicias
1243 2153 1323 2216 de
1364 2152 1776 2234 beatitudine,
1807 2158 1871 2221 et

325 2256 402 2321 de
429 2257 602 2337 luce;
635 2257 748 2341 qui
773 2259 897 2323 hoc
922 2261 1163 2340 tenent,
1196 2260 1582 2342 generaliter
1603 2279 1866 2345 respon-

324 2362 494 2443 dent,
521 2364 692 2447 quod
739 2364 809 2429 in
854 2365 1034 2431 omni
1070 2371 1364 2432 creatura
1401 2385 1538 2432 esse
1572 2370 1872 2451 praecedit

324 2471 575 2554 operari
591 2472 804 2537 tamin
821 2473 1158 2555 corporali,
1186 2492 1384 2556 quam
1411 2475 1481 2539 in
1508 2476 1823 2558 spirituali
1846 2499 1864 2558 ;

323 2587 453 2643 tam
480 2579 547 2644 in
576 2584 724 2645 actu
761 2583 1034 2661 naturas,
1081 2600 1280 2664 quam
1321 2581 1389 2646 in
1415 2588 1563 2648 actu
1598 2585 1866 2669 gratian

324 2691 455 2751 tam
492 2688 687 2751 etiam
736 2686 805 2751 in
850 2692 999 2753 actu
1050 2689 1301 2770 gratiss,
1350 2709 1545 2773 quam
1597 2693 1668 2758 in
1720 2698 1869 2759 actu

322 2793 570 2876 gloriae.
615 2793 744 2860 Nec
787 2795 992 2860 obstat
1032 2796 1193 2861 illud
1238 2797 1412 2879 quod
1455 2798 1752 2882 objicitur
1790 2800 1870 2865 de

321 2900 550 2965 merito
573 2901 811 2968 animae
843 2925 858 2967 :
891 2903 1108 2967 anima
1133 2904 1309 2968 enim
1335 2905 1528 2969 habet
1553 2906 1870 2988 originale

321 3012 653 3087 peccatum
672 3008 739 3072 in
768 3027 888 3074 sua
914 3010 1227 3075 infusione
1255 3029 1369 3094 per
1389 3013 1652 3077 modum
1674 3014 1869 3080 habi-

320 3118 427 3180 tus
440 3137 458 3195 ;
491 3134 623 3181 ιιοιι
657 3120 872 3182 autem
900 3121 1213 3202 quantum
1248 3118 1329 3184 ad
1373 3123 1609 3186 actum.
1658 3120 1736 3186 Et
1780 3121 1870 3187 sic

319 3222 676 3287 secundum
727 3223 914 3288 istam
970 3225 1143 3290 viam
1187 3229 1362 3309 patet
1401 3228 1729 3309 responsio
1786 3229 1869 3295 ad

319 3329 539 3395 omnia
586 3331 851 3414 objecta.
901 3330 966 3396 Si
1012 3333 1160 3414 quis
1198 3336 1415 3397 autem
1463 3334 1655 3399 aliam
1693 3336 1867 3403 viam

320 3442 584 3518 teneret,
603 3438 895 3505 videlicet
911 3440 1083 3523 quod
1111 3440 1396 3505 Christus
1411 3442 1481 3506 in
1502 3443 1712 3526 primo
1739 3419 1867 3508 ins-

319 3547 481 3611 tanti
506 3564 643 3612 suae
688 3547 1116 3630 conceptionis
1168 3549 1399 3614 habuit
1443 3569 1637 3615 usum
1685 3551 1868 3618 liberi

318 3653 567 3718 arbitrii
629 3658 886 3738 propter
962 3655 1568 3723 excellentissimum
1638 3662 1867 3742 gratiae

316 3761 562 3826 donum
579 3810 597 3842 ‚
642 3767 705 3827 et
744 3765 1064 3845 quantum
1103 3763 1183 3827 ad
1232 3768 1446 3830 actum
1474 3767 1757 3848 viatoris,
1804 3774 1867 3837 et

317 3874 632 3953 quantum
678 3870 760 3957 ad
804 3873 1019 3935 actum
1075 3872 1625 3953 comprehensoris
1645 3925 1663 3955 ,
1714 3878 1866 3942 satis

317 3977 584 4042 faciliter
640 3978 871 4061 poterit
918 3977 998 4042 ad
1045 3978 1148 4060 obj
1156 3983 1293 4044 ecta
1343 3980 1413 4045 in
1473 3987 1867 4052 contrarium

316 4083 723 4169 respondere.

400 4198 434 4256 1
449 4240 465 4257 .
512 4191 612 4258 Ad
649 4190 808 4257 illud
851 4209 1013 4274 ergo
1065 4193 1240 4277 quod
1288 4193 1499 4278 primo
1542 4195 1863 4282 oincitur,

318 4298 494 4384 quod
522 4299 702 4383 prius
727 4303 1008 4381 estesse,
1051 4318 1248 4385 qnam
1273 4319 1491 4383 agere,
1524 4303 1865 4375 dicendum

318 4407 494 4492 quod
522 4407 680 4473 illud
704 4407 898 4473 habet
921 4408 1277 4489 veritatem,
1299 4411 1355 4473 si
1372 4410 1766 4493 intelligatur
1787 4414 1865 4481 de

318 4514 647 4600 prioritate
672 4518 988 4598 quantum
1031 4516 1112 4580 ad
1156 4516 1447 4582 ordinem
1491 4523 1761 4585 naturas.
1794 4520 1864 4587 Si

319 4626 540 4687 autem
587 4620 985 4704 intelligatur
1029 4623 1108 4688 de
1154 4623 1478 4707 prioritate
1547 4630 1866 4710 quantum

319 4728 401 4793 ad
426 4728 850 4809 durationem,
878 4747 1011 4793 non
1033 4729 1227 4795 habet
1253 4732 1604 4811 veritatem,
1637 4753 1866 4801 secun-

318 4835 479 4901 dum
515 4836 687 4918 quod
728 4854 1024 4919 expresse
1066 4837 1221 4902 dicit
1245 4837 1646 4920 Augustinus
1673 4859 1868 4927 super

325 4944 614 5011 Gmesim
650 4942 742 5010 ad
777 4945 1091 5026 litteram,
1138 4946 1252 5010 ubi
1296 4946 1447 5012 dicit
1497 4955 1544 5029 ²,
1590 4953 1760 5034 quod
1797 4953 1867 5018 in

318 5051 463 5117 luce
489 5050 800 5134 corporali
831 5068 966 5117 esse
1010 5071 1143 5117 non
1185 5055 1486 5137 praecedit
1525 5076 1742 5139 agere.
1789 5062 1868 5128 Et

320 5159 395 5224 in
422 5159 693 5240 angelis,
735 5159 814 5224 de
847 5160 1084 5244 quibus
1130 5161 1302 5243 dicit,
1345 5165 1520 5247 quod
1558 5166 1867 5251 inprimo

320 5266 585 5333 instanti
609 5266 944 5332 creationis
966 5285 1105 5334 suae
1131 5286 1238 5333 eas
1258 5285 1359 5335 res
1385 5281 1863 5360 cognoverunt,

387 5430 406 5466 ¹
431 5433 591 5496 Aug„
610 5429 676 5481 de
701 5430 874 5484 (ἔσκε.
902 5430 975 5483 ad
1003 5431 1129 5495 liet„
1157 5432 1245 5485 lib.
1279 5435 1343 5487 V.
1364 5459 1428 5475 —·
1449 5437 1474 5474 ⁸
1501 5436 1597 5504 ld„
1616 5438 1682 5489 de
1709 5442 1867 5505 Tria„

321 5507 413 5560 lib.
441 5509 530 5572 vt,
561 5522 608 5559 c.
639 5517 679 5582 1,
700 5520 758 5560 n.
788 5510 835 5558 ί.

3416 518 3535 580 389

1983 664 2135 730 quae
2157 646 2354 714 simul
2368 652 2586 714 tamen
2612 667 2762 715 cum
2777 649 2953 714 eisin
2978 667 3114 715 esse
3132 651 3528 734 prodierunt.

1983 751 2061 817 Et
2087 753 2155 817 in
2178 757 2357 819 sexto
2383 755 2462 822 de
2495 756 2546 821 T
2542 755 2835 834 virtitute,
2865 755 3064 820 dicit·
3087 758 3259 840 quod
3286 758 3339 821 si
3361 758 3535 840 ignis

1983 864 2149 924 esset
2196 865 2498 943 aeternus,
2542 863 2843 946 splendor
2887 864 2969 928 ab
2991 863 3149 947 igne
3194 865 3540 945 egrediens

1981 971 2147 1032 esset
2192 972 2494 1034 aeternus.
2551 969 2629 1035 Et
2686 968 2831 1034 ideo
2875 971 3026 1034 satis
3077 970 3533 1038 rationabiliter

1980 1077 2187 1157 potest
2208 1076 2353 1158 dici,
2408 1078 2583 1160 quod
2621 1077 2778 1144 illud
2807 1096 2941 1142 non
2973 1079 3167 1143 habet
3197 1079 3529 1143 veritatem

1981 1183 2059 1246 de
2081 1182 2304 1248 ordine
2334 1184 2710 1265 durationis,
2740 1185 2849 1250 scd
2875 1184 2955 1249 de
2999 1185 3223 1250 ordine
3252 1191 3528 1254 naturae.

2060 1293 2125 1354 Ξ.
2181 1291 2281 1355 Ad
2331 1291 2490 1357 illud
2543 1310 2730 1374 vero,
2781 1293 2952 1375 quod
3003 1293 3303 1376 objicitur
3357 1296 3530 1377 quod

1981 1398 2359 1479 substantia,
2376 1416 2522 1482 quae
2552 1398 2775 1483 incipit
2799 1417 3018 1481 agere,
3043 1399 3178 1463 exit
3198 1399 3280 1464 ab
3300 1400 3433 1465 otio
3460 1401 3531 1466 in

1979 1506 2220 1584 actum,
2250 1504 2588 1571 dicendum
2612 1505 2785 1589 quod
2804 1505 2963 1569 illud
2993 1505 3376 1587 generaliter
3397 1526 3530 1573 non

1978 1612 2176 1677 habet
2197 1612 2564 1694 veritatem,
2596 1613 2719 1677 nisi
2749 1612 3151 1695 intelligatur
3190 1612 3269 1678 de
3303 1632 3530 1697 opera-

1979 1718 2151 1784 tione
2168 1718 2305 1782 sine
2320 1736 2450 1801 qua
2474 1718 2828 1784 substantia
2841 1736 3115 1803 operans
3134 1721 3342 1802 potest
3367 1738 3524 1801 esse3

1978 1825 2057 1889 de
2077 1825 2204 1889 alia
2247 1829 2465 1891 autem
2507 1844 2640 1891 non
2677 1826 2871 1891 habet
2894 1825 3253 1906 veritatem,
3301 1845 3418 1910 pro
3453 1846 3529 1893 eo

1977 1933 2152 2019 quod
2175 1940 2465 1999 creatura
2479 1934 2672 2000 simul
2692 1935 2950 2019 incoepit
2968 1953 3124 2015 esse,
3151 1941 3215 2000 et
3235 1937 3484 2019 operari
3507 1959 3524 2005 t

1976 2058 2097 2105 nec
2118 2041 2340 2125 incipit
2364 2042 2613 2126 operari
2651 2044 2812 2126 quia
2846 2044 2982 2108 exit
3023 2044 3105 2108 ab
3148 2043 3278 2109 otio
3324 2044 3394 2108 in
3421 2063 3528 2110 ac-

1976 2150 2142 2228 tum,
2167 2149 2276 2214 sed
2303 2149 2458 2232 quia
2500 2149 2632 2214 exit
2662 2168 2702 2213 a
2743 2169 2876 2215 non
2917 2169 3053 2215 esse
3078 2151 3149 2215 in
3186 2168 3321 2215 esse
3352 2169 3371 2215 ε
3404 2149 3527 2216 hoc

1977 2257 2169 2321 modo
2197 2258 2400 2339 potest
2426 2255 2699 2339 intelligi
2730 2257 2797 2320 in
2830 2258 3080 2323 Christo
3108 2261 3426 2341 quantum
3445 2259 3527 2324 ad

1975 2365 2193 2429 actum
2218 2363 2446 2444 gratias
2466 2367 2530 2428 et
2549 2364 2826 2429 virtutis,

2057 2475 2119 2534 3.
2151 2470 2249 2535 Ad
2276 2468 2435 2535 illud
2462 2471 2633 2552 quod
2663 2470 2984 2553 objicitur,
3011 2472 3183 2554 quod
3220 2471 3526 2538 meritum

1976 2580 2068 2643 est
2097 2596 2135 2641 a
2162 2575 2488 2642 voluntate
2504 2577 2938 2658 deliberativa,
2961 2578 3301 2643 dIcendum
3326 2581 3520 2663 quod,

1975 2685 2274 2768 quamvis
2298 2683 2649 2750 secundum
2677 2703 3043 2769 processum
3077 2690 3329 2751 naturae
3365 2687 3524 2752 deli-

1974 2791 2216 2856 beratio
2242 2791 2532 2874 indigeat
2555 2793 2950 2858 successione
2993 2797 3055 2858 et
3085 2799 3370 2878 tempore
3383 2843 3403 2873 ,
3436 2799 3524 2860 ta-

1976 2917 2128 2963 men
2157 2898 2514 2964 secundum
2539 2900 3003 2983 plenitudinem
3030 2901 3268 2967 divinae
3293 2901 3520 2984 gratiae

1975 3011 2039 3073 et
2064 3006 2314 3090 gloriae,
2341 3007 2637 3091 possibile
2651 3009 2746 3072 est
2761 3008 2882 3091 ipsi
2906 3008 3143 3074 animae
3171 3009 3241 3072 in
3263 3009 3523 3074 instanti
3556 3094 3564 3101 ἱ

1975 3114 2359 3195 discernere,
2390 3114 2562 3198 quod
2588 3113 2746 3179 alias
2771 3132 2904 3179 non
2933 3115 3128 3199 possit
3152 3116 3357 3181 tacere
3384 3115 3523 3183 sine

1975 3222 2280 3287 continuo
2305 3225 2369 3287 et
2393 3225 2704 3305 tempore.
2746 3222 2828 3287 Et
2864 3222 2953 3288 sic
2978 3243 3094 3307 per
3138 3223 3521 3289 deiformita-

1974 3336 2107 3396 tem
2167 3330 2395 3412 gloriae
2445 3329 2799 3395 intellectus
2843 3334 3050 3414 potest
3099 3330 3289 3396 simul
3335 3332 3522 3416 plura

1976 3438 2359 3519 intelligere,
2392 3437 2690 3521 quamvis
2717 3455 2830 3521 per
2857 3441 3158 3502 naturam
3181 3455 3314 3501 non
3339 3437 3522 3506 intel-

1973 3545 2134 3629 ligat
2162 3545 2287 3609 nisi
2313 3563 2526 3609 unum
2571 3545 2781 3609 solum
2824 3543 3019 3609 simul
3068 3548 3133 3608 et
3182 3545 3400 3609 semel.
3440 3543 3520 3610 Et

1973 3654 2130 3737 quia
2166 3652 2385 3718 anima
2406 3651 2633 3717 Christi
2664 3655 2800 3716 erat
2837 3652 2906 3716 in
2943 3652 3333 3734 plenitudine
3360 3671 3518 3735 gra-

1977 3761 2084 3826 tiae
2112 3764 2177 3826 et
2197 3760 2457 3842 gloriae;
2499 3759 2651 3824 binc
2690 3763 2786 3824 est
2830 3759 3004 3843 quod
3028 3777 3159 3824 non
3190 3759 3521 3842 indigebat

1975 3888 2159 3935 mora
2173 3868 2476 3952 temporis
2493 3868 2574 3932 ad
2591 3866 3086 3931 discernendum
3100 3866 3252 3950 quid
3271 3866 3517 3949 eligen-

1971 3976 2153 4055 dum,
2183 3975 2338 4059 quid
2363 3974 2722 4055 vitandum,
2765 3974 2920 4057 quid
2960 3973 3332 4054 amandum,
3363 3974 3513 4056 quid

1968 4086 2338 4153 odiendum.

2051 4203 2116 4265 4.
2146 4198 2243 4264 Ad
2269 4197 2426 4262 illud
2452 4194 2626 4280 quod
2653 4134 2955 4277 objicitur
2997 4192 3076 4258 de
3116 4192 3371 4274 angelo,
3421 4192 3516 4258 di·

1971 4306 2251 4372 cendum
2275 4303 2449 4388 quod
2477 4320 2610 4367 non
2651 4306 2746 4366 est
2786 4300 3014 4365 simile.
3051 4298 3106 4364 N
3109 4318 3194 4364 on
3220 4300 3394 4364 enim
3428 4299 3518 4367 sic

1971 4416 2222 4498 poterat
2266 4412 2460 4478 simul
2504 4413 2568 4476 et
2617 4408 2815 4474 semel
2873 4426 3256 4491 cognoscere
3305 4408 3514 4491 plura,

1972 4526 2327 4593 secundum
2356 4522 2529 4606 quod
2556 4521 2771 4587 anima
2811 4519 3040 4584 Christi
3067 4537 3219 4584 cum
3245 4519 3518 4603 plenitu-

1972 4633 2122 4699 dine
2148 4632 2396 4715 gratiae.
2448 4629 2785 4706 Praeterea‚
2821 4629 3150 4710 peccatum
3175 4626 3327 4691 dicit
3371 4645 3506 4692 mo·

1971 4742 2119 4805 tum
2166 4736 2643 4816 deordimtnm,
2696 4737 2760 4798 et
2796 4732 3193 4797 contrarium
3235 4729 3514 4796 naturali

1973 4844 2339 4913 rectitudini
2392 4865 2408 4907 :
2464 4842 2574 4907 sed
2625 4839 2928 4906 meritum
2990 4838 3142 4903 dicit
3204 4836 3516 4903 naturalis

1972 4952 2370 5020 rectitudinis
2396 4949 2936 5035 complementum
2957 4951 3054 5011 :et
3080 4946 3227 5011 licet
3249 4964 3381 5010 non
3406 4945 3520 5012 de-

1974 5066 2178 5133 cuerit
2202 5064 2486 5146 aliquam
2513 5060 2935 5126 substantiam
2961 5060 3162 5124 creari
3190 5077 3340 5123 cum
3374 5062 3522 5125 actu

1975 5178 2292 5245 contrario
2315 5172 2677 5240 rectitudini
2705 5171 2984 5237 naturali
3003 5220 3020 5251 ,
3066 5171 3282 5237 decuit
3306 5175 3544 5237 tamen

1975 5286 2181 5353 creari
2206 5286 2276 5350 in
2302 5286 2452 5349 actu
2469 5330 2488 5360 ‚
2525 5285 2591 5347 et
2629 5299 2780 5346 cum
2814 5283 2964 5346 actu
2998 5279 3370 5345 consonanti
3401 5279 3527 5363 ipsi
3643 5326 3654 5337 .

1975 5398 2252 5475 naturae,
2298 5395 2364 5457 et
2400 5407 2544 5454 eam
2579 5388 2957 5472 complente,
2996 5385 3283 5452 maxime
3320 5385 3524 5465 illam,

1976 5502 2045 5566 in
2099 5520 2232 5584 qua
2271 5498 2437 5566 Deus
2485 5515 2526 5563 a
2576 5496 2924 5580 primordio
2971 5512 3108 5562 suae
3147 5492 3530 5560 conditionis
