4185 6288
1078 471 1272 538 DIST.
1319 470 1427 536 111.
1474 469 1708 536 PART.
1755 467 1838 534 11.
1881 466 2065 533 ΛΒΤ.
2113 468 2190 534 11.
2236 468 2536 547 QUAEST.
2583 471 2631 535 1.
3382 472 3461 534 79

270 611 371 674 tate
390 607 680 691 Apostoli
706 611 776 674 et
807 607 1078 689 ratione,
1110 606 1232 672 dici
1255 610 1463 690 potest
1488 606 1661 690 quod
1688 623 1794 670 ra-

271 716 338 780 tio
370 716 650 800 Apostoli
697 716 876 782 bona
920 719 1021 781 est
1062 714 1144 780 ad
1181 715 1324 780 illos
1369 718 1591 780 contra
1631 732 1799 797 quos

264 824 480 907 arguit,
542 825 795 891 scilicet
845 824 1138 905 Judaeos,
1201 824 1314 907 qui
1352 823 1795 907 supponebant

159 952 244 1004 m.
264 932 555 996 Abraham
595 933 976 1015 digniorem
1015 950 1151 996 esse
1176 931 1244 995 in
1271 950 1392 996 suo
1422 948 1660 1012 genere
1692 952 1707 993 ι
1741 929 1796 993 si

71 1014 241 1130 ’ἔξω
259 1057 389 1121 ergo
428 1040 769 1106 Abraham
814 1039 1184 1105 benedictus
1229 1039 1353 1103 ruit
1392 1057 1434 1102 a
1465 1036 1791 1102 Melchise-

69 1100 78 1211 Ι
116 1136 232 1178 ²⁸⁴²
259 1147 424 1227 decb,
463 1153 530 1213 et
555 1150 618 1214 ei
656 1149 947 1215 decimas
987 1148 1217 1213 obtulit
1249 1151 1561 1230 tanquam
1599 1162 1790 1228 supe-

63 1220 72 1349 ,Ι

252 1254 403 1330 riori,
427 1256 730 1339 sequitur
760 1276 844 1323 ex
868 1256 997 1321 hoc
1024 1254 1198 1337 quod
1225 1272 1355 1319 non
1385 1255 1636 1317 tantum
1664 1270 1795 1317 ma-

247 1362 336 1442 J'or
364 1363 482 1426 fuit
517 1362 998 1429 Melchisedech
1039 1362 1364 1428 Abraham
1380 1410 1400 1441 ‚
1450 1359 1562 1426 sed
1597 1359 1790 1425 etiam

248 1471 433 1552 major
457 1472 778 1537 omnibus
804 1471 922 1555 qui
950 1473 1394 1554 processerunt
1433 1467 1791 1533 secundum

246 1574 437 1658 legem
461 1578 684 1643 mnis
708 1579 794 1644 ab
812 1597 924 1657 e0;
953 1581 1017 1642 et
1043 1577 1184 1643 ideo
1207 1575 1466 1658 dignior
1491 1575 1617 1640 fuit
1635 1573 1791 1642 Levi

247 1689 302 1747 et
341 1685 573 1751 Aaron.
630 1685 766 1752 Sed
806 1685 1116 1769 qnoniam
1154 1684 1314 1748 illud
1358 1701 1492 1747 non
1533 1681 1792 1749 videtur

244 1809 363 1856 esse
385 1811 646 1873 verum,
681 1794 861 1879 quod
886 1791 1296 1858 excellentior
1321 1790 1518 1854 fuerit
1538 1789 1791 1854 Melchi-

245 1900 449 1966 sedech
503 1921 710 1985 quam
763 1900 1013 1985 Moysen
1029 1947 1051 1980 ,
1099 1904 1164 1963 et
1199 1897 1400 1963 David
1424 1947 1442 1976 ,
1491 1903 1555 1963 et
1603 1899 1790 1964 beata

244 2003 452 2089 Virgo,
505 2010 626 2091 qui
682 2009 1134 2093 processerunt
1185 2023 1270 2069 ex
1318 2003 1681 2084 Abraham,
1725 2009 1789 2070 et

245 2111 568 2195 Apostolus
592 2135 734 2181 non
761 2114 1046 2197 procedit
1078 2131 1161 2177 ex
1197 2112 1372 2176 falsis
1397 2113 1787 2195 suppositio-

245 2221 458 2301 nibus;
503 2223 658 2287 ideo
703 2226 956 2305 oportet
995 2221 1177 2285 aliter
1220 2220 1452 2295 dicere,
1496 2221 1790 2285 videlicet

247 2329 400 2410 qnod
418 2329 767 2413 Apostolus
793 2327 1017 2409 arguit
1039 2345 1121 2390 ex
1147 2326 1439 2406 veritate,
1459 2331 1522 2391 et
1549 2346 1633 2392 ex
1652 2327 1785 2408 sig·

247 2435 617 2517 mfimtione,
649 2440 714 2501 et
739 2435 912 2499 illius
940 2435 1176 2517 flgurae
1205 2434 1559 2498 necessaria
1582 2453 1781 2517 argu-

250 2546 641 2625 mentatione,
666 2543 841 2628 quod
860 2541 1197 2607 decimatio
1223 2559 1338 2624 pro
1364 2541 1474 2605 illo
1500 2548 1785 2626 tempore

253 2651 527 2733 signabat
573 2653 1004 2721 curationem.
1051 2649 1210 2715 Cum
1259 2667 1419 2733 ergo
1457 2649 1784 2715 Abraham

255 2758 457 2826 obtulit
482 2763 764 2828 decimas
805 2757 1308 2836 Melchisedech,
1341 2763 1405 2822 et
1430 2758 1511 2822 ab
1547 2776 1625 2823 eo
1664 2759 1784 2824 be-

258 2866 515 2935 nedictus
549 2875 676 2950 est,
726 2867 1119 2951 significavit
1156 2884 1224 2930 se
1263 2866 1553 2947 indigere
1593 2883 1781 2930 cura-

260 2973 406 3041 tione
431 2983 492 3044 et
515 2976 961 3045 benedictione
986 2993 1103 3058 per
1140 2973 1327 3038 illum
1366 2973 1780 3052 sacerdotem,

261 3084 355 3166 qui
388 3087 792 3171 figurabatur
841 3103 958 3169 per
997 3081 1474 3149 Melchisedech.
1507 3081 1631 3148 Sed
1675 3082 1782 3148 ille

261 3192 354 3274 qui
376 3200 552 3262 curat
577 3200 641 3261 et
663 3193 1006 3271 benedicit,
1030 3193 1238 3273 major
1262 3195 1358 3255 est
1378 3191 1621 3274 absque
1648 3190 1783 3256 ulla

263 3304 747 3368 contradictione.
761 3301 920 3366 Cum
935 3318 1095 3382 ergo
1114 3299 1537 3364 sacerdotium
1553 3297 1781 3363 Christi

263 3403 428 3473 fuerit
463 3410 615 3474 illud
629 3457 648 3490 ‚
675 3407 851 3492 quod
896 3407 1438 3490 praefigurabatur
1468 3425 1583 3489 per
1620 3405 1781 3471 illud

264 3508 712 3594 Melchisedech,
743 3513 907 3578 sicut
931 3514 1002 3577 in
1041 3510 1291 3577 Psalmo
1317 3512 1558 3594 legitur
1575 3515 1592 3549 ¹
1631 3534 1648 3576 ε
1689 3514 1778 3580 Tu

265 3635 317 3684 es
339 3623 614 3691 sacerdos
650 3624 727 3689 in
763 3629 1077 3688 (eternum
1113 3620 1463 3687 secundum
1490 3621 1780 3688 ordinem

265 3726 676 3798 Melchisedech
693 3748 723 3810 ;
748 3732 944 3793 restat
972 3729 1198 3811 igitur,
1229 3729 1400 3811 quod
1426 3731 1640 3812 majus
1656 3730 1781 3794 fuit

267 3839 646 3903 sacerdotium
675 3835 929 3915 Christi,
965 3854 1162 3919 quam
1192 3835 1347 3900 Levi
1382 3858 1397 3901 ε
1432 3840 1495 3901 et
1520 3836 1662 3900 haec
1686 3839 1781 3901 est

267 3944 401 4008 ratio
422 3944 719 4028 Apostoli,
741 3962 940 4027 quam
963 3943 1353 4025 impossibile
1380 3948 1473 4007 est
1491 3943 1774 4009 dissolvi.

269 4044 479 4116 Necest
514 4052 718 4116 simile
768 4052 845 4116 de
888 4050 1210 4115 sacerdote
1251 4050 1548 4134 simplici,
1591 4054 1655 4115 et
1699 4051 1778 4117 de

270 4163 416 4238 patre
438 4159 620 4244 Papae
634 4209 654 4240 ,
686 4158 843 4242 quia
869 4158 958 4221 ibi
987 4158 1168 4224 nulla
1194 4162 1291 4222 est
1316 4159 1479 4222 ratio
1517 4158 1773 4241 flgurae.

270 4259 395 4329 Haec
427 4271 634 4332 autem
673 4270 808 4331 tota
836 4265 998 4330 ratio
1025 4264 1332 4330 fundatur
1368 4283 1562 4349 super
1606 4266 1774 4331 deci·

270 4373 531 4455 matione,
561 4374 917 4440 secundum
959 4372 1132 4455 quod
1171 4377 1265 4437 est
1308 4375 1486 4436 actus
1531 4373 1775 4455 figura-

269 4474 335 4539 lis
349 4500 365 4556 ;
388 4499 527 4546 nam
552 4482 909 4549 secundum
938 4479 1109 4564 quod
1138 4484 1235 4546 est
1267 4482 1450 4544 actus
1477 4480 1737 4545 moralis
1753 4529 1774 4562 ,

269 4584 406 4650 nibil
423 4589 557 4655 tacit
582 4590 662 4655 ad
690 4588 1115 4672 propositum,
1136 4586 1291 4670 quia
1307 4605 1425 4652 nec
1450 4587 1777 4653 Abraham

270 4707 370 4757 nec
391 4698 512 4778 eJus
548 4697 789 4781 posteri
829 4696 1098 4777 obligati
1127 4696 1389 4760 fuerunt
1413 4696 1494 4760 ad
1535 4697 1778 4761 dandas

270 4795 500 4869 decimas
517 4803 1018 4881 Melchisedech3
1050 4804 1330 4869 maxime
1358 4804 1470 4882 illi,
1494 4805 1608 4885 qui
1634 4803 1776 4867 fue-

273 4914 396 4972 mnt
416 4912 483 4977 de
513 4916 704 4999 stirpe
731 4910 918 4988 Levi,
949 4910 1031 4974 ad
1074 4910 1285 4975 nullas
1311 4910 1589 4975 decimas
1612 4909 1771 4973 dan·

270 5011 358 5079 das
376 5019 606 5090 fuerunt
632 5020 950 5090 adstricti.

313 5184 501 5242 ¹Pmlm.
529 5204 632 5259 cu,
663 5193 718 5243 4.
742 5214 815 5230 --
839 5185 863 5221 ⁸
887 5185 974 5249 Cs-
1000 5186 1056 5237 S.
1088 5185 1294 5247 Thom.,
1318 5198 1372 5247 p.
1413 5184 1500 5244 ΙΙΙ,
1534 5196 1585 5249 q.
1616 5195 1774 5249 mr,

264 5257 336 5305 ffl-
353 5260 403 5324 6,·
422 5266 466 5315 et
482 5264 721 5329 niseni„
734 5261 864 5312 dist.
890 5268 974 5315 111,
995 5270 1046 5320 q.
1073 5267 1144 5318 ιν,
1161 5259 1258 5305 art.
1276 5257 1306 5304 2
1316 5268 1334 5317 ;
1356 5254 1588 5318 AEgidius
1600 5255 1774 5320 Rom„

264 5325 312 5377 m
337 5329 472 5394 Sene„
509 5352 562 5402 p,
601 5349 683 5400 ιγ,
725 5349 786 5398 q.
830 5341 885 5392 13
923 5327 1183 5390 Richard„
1216 5327 1284 5377 ΙΙΙ
1328 5325 1489 5389 Sena,
1523 5326 1639 5375 dist.
1682 5337 1770 5389 ιιι,

258 5407 330 5453 trt-
351 5418 421 5459 ιιι.
447 5427 493 5478 q.
516 5427 639 5466 1.—
676 5412 702 5448 ⁸
733 5410 894 5470 Sap„
923 5415 1016 5465 vu,
1046 5406 1208 5454 25.—
1233 5403 1256 5437 δ
1299 5403 1317 5451 l
1363 5401 1501 5466 Cor„
1534 5413 1569 5465 ι,
1613 5402 1693 5450 24.
1717 5426 1771 5437 -

258 5470 406 5546 ‘Aug.,
428 5485 677 5539 doomes-
702 5478 787 5532 ad
811 5477 942 5535 litt„
963 5474 1054 5524 ln).
1085 5476 1147 5537 x,
1170 5487 1215 5524 c.
1246 5484 1338 5524 xix
1357 5476 1410 5522 et
1431 5483 1520 5526 xx.

2336 750 2894 822 ARTICULUS
2940 750 3036 819 11.

1988 921 2459 1007 Consequenter
2496 925 2813 1009 quaeritur
2857 925 2937 990 de
2977 924 3188 990 carnis
3231 924 3462 990 Christi

1905 1030 2336 1112 traductione;
2370 1037 2433 1097 et
2477 1033 2645 1097 circa
2690 1035 2811 1097 hoc
2851 1036 3237 1116 quaeruntur
3274 1033 3403 1097 duo
3438 1055 3452 1095 :

1907 1138 2119 1221 primo
2144 1141 2459 1223 quaeritur
2486 1146 2706 1205 utrum
2735 1140 2961 1205 Christi
2988 1157 3137 1205 caro
3164 1139 3355 1204 fuerit
3390 1141 3460 1204 in

1903 1251 2131 1333 primis
2148 1254 2522 1334 parentibus
2552 1254 2908 1319 secundum
2940 1254 3312 1338 qualitatem
3341 1254 3459 1318 im·

1904 1361 2223 1443 puritatis,
2259 1363 2359 1428 vel
2389 1362 2881 1446 inquinationis;
2919 1361 3198 1426 secundo
3225 1362 3461 1445 quaeri·

1902 1470 2011 1532 tur
2036 1470 2264 1533 utrum
2292 1469 2475 1534 aliter
2500 1469 2716 1548 fuerit,
2749 1487 2946 1553 quam
2984 1486 3133 1534 caro
3179 1469 3456 1534 aliorum

1902 1575 2244 1644 hominum
2271 1579 2625 1644 secundum
2652 1579 2865 1661 legem
2894 1578 3398 1663 propagationis.

2422 1807 2782 1888 QUAESTIO
2829 1810 2879 1874 l.

1966 1981 2061 2031 An
2106 1972 2309 2030 Christi
2343 1988 2467 2030 caro
2510 1975 2683 2042 fuerit
2726 1974 2788 2027 in
2832 1972 3032 2043 primis
3069 1970 3392 2043 parentibus

2142 2064 2424 2122 secandum
2450 2063 2775 2135 qualitatem
2802 2064 3147 2135 impuritatis
3174 2061 3219 2118 ².

1981 2225 2213 2290 Utrum
2255 2242 2403 2289 caro
2444 2222 2672 2287 Christi
2719 2222 2789 2287 in
2833 2221 3160 2286 Abraham
3213 2225 3279 2287 et
3317 2222 3457 2286 aliis
3485 2255 3556 2301 u
3582 2270 3686 2313 opt·-

1899 2334 2191 2417 patribus
2230 2331 2524 2395 distincta
2558 2329 2749 2394 fuerit
2786 2329 3140 2394 secundum
3181 2329 3457 2413 qualita-

1898 2447 2030 2505 tem
2059 2459 2099 2504 a
2135 2456 2326 2503 carne
2368 2437 2645 2501 aliorum
2684 2437 3004 2514 filiorum3
3039 2441 3104 2501 et
3127 2437 3301 2520 quod
3340 2438 3451 2517 sic,

1899 2549 2154 2613 videtur
2187 2545 2541 2610 secundum
2567 2543 2796 2607 illud⁸z
2826 2542 3014 2609 Nihil
3038 2545 3455 2626 inquinatum

1899 2657 1974 2720 in
2003 2654 2185 2721 illam
2213 2653 2493 2721 incurrit
2522 2672 2547 2715 .·
2575 2668 2733 2731 ergo
2757 2650 2808 2713 si
2843 2669 2990 2715 caro
3018 2649 3247 2714 Christi
3273 2653 3457 2739 unita

1897 2765 1993 2824 est
2019 2760 2179 2824 Filio
2205 2758 2353 2837 Dei,
2387 2759 2500 2842 qui
2529 2758 2660 2822 est‘
2688 2757 2805 2824 Dei
2842 2760 3057 2825 virtus
3098 2762 3160 2825 et
3197 2760 3314 2823 Dei
3344 2774 3455 2824 sa-

1896 2870 2177 2951 pientia,
2215 2868 2469 2933 videtur
2509 2865 2682 2949 quod
2729 2884 3067 2949 nunquam
3129 2866 3320 2930 suerit
3363 2865 3456 2929 in·

1896 2975 2161 3059 quinata
2187 2997 2202 3038 ι
2229 2975 2340 3038 sed
2369 2993 2517 3039 caro
2546 2975 2820 3039 aliorum
2850 2975 2920 3038 in
2962 2972 3332 3057 parentibus
3360 2974 3455 3038 in·

1897 3083 2163 3167 quinata
2190 3082 2313 3147 ruit
2342 3103 2355 3146 ε
2385 3099 2545 3164 ergo
2573 3081 2826 3148 videtur
2853 3081 3025 3166 quod
3051 3081 3235 3146 aliter
3262 3080 3455 3146 fuerit

1895 3208 2043 3256 caro
2071 3191 2301 3256 Christi
2332 3190 2400 3254 in
2424 3188 2773 3269 Abraham,
2805 3208 3003 3273 quam
3027 3189 3326 3254 aliorum.

1975 3304 2036 3363 2.
2068 3299 2229 3364 Item
2257 3298 2327 3363 in
2355 3297 2601 3362 Christo
2628 3297 2847 3361 debuit
2872 3315 3007 3363 esse
3026 3298 3313 3362 maxima
3339 3316 3453 3381 pu-

1893 3405 2049 3470 ritas
2080 3428 2097 3470 :
2129 3405 2237 3472 sed
2262 3404 2474 3487 magis
2499 3422 2737 3487 purum
2768 3408 2863 3467 est
2901 3405 3073 3487 quod
3110 3423 3449 3488 nunquam

1893 3512 2017 3577 fuit
2047 3511 2482 3596 inquinatum,
2500 3503 2698 3594 quam
2724 3511 2885 3576 illud
2911 3513 3082 3595 quod
3104 3512 3450 3596 aliquando

1893 3621 2306 3706 inquinatum
2349 3624 2470 3689 fuit
2514 3645 2529 3686 ε
2576 3640 2734 3704 ergo
2790 3622 3039 3687 videtur
3080 3623 3251 3706 quod
3301 3639 3449 3687 caro

1895 3728 2124 3795 Christi
2161 3748 2281 3795 nec
2318 3730 2388 3794 in
2427 3749 2516 3807 se,
2561 3730 2772 3794 necin
2810 3729 3185 3812 parentibus
3223 3730 3443 3812 subja-

1891 3838 2098 3902 cuerit
2125 3837 2390 3903 foeditati
2417 3836 2865 3920 corruptionis„
2888 3836 2992 3901 vel
3014 3838 3223 3902 carnis
3249 3859 3265 3901 ι
3289 3855 3448 3920 ergo

1891 3965 1932 4013 a
1959 3967 2152 4015 carne
2180 3949 2456 4015 aliorum
2481 3948 2824 4013 hominum
2843 3946 3135 4012 distincta
3159 3946 3448 4031 fuitque-

1894 4054 2164 4122 litative.

1974 4168 2034 4227 3.
2068 4163 2230 4228 Item
2256 4162 2518 4227 alterius
2538 4160 2859 4245 qualitatis
2885 4165 2980 4226 oet
3007 4161 3346 4239 medicina,
3382 4165 3448 4224 et

1891 4268 2052 4333 illud
2078 4269 2252 4353 quod
2277 4274 2540 4336 curatur
2569 4286 2682 4352 per
2707 4267 3088 4334 medicinam
3117 4290 3133 4332 ε
3161 4269 3271 4333 sed
3298 4286 3446 4333 caro

1892 4375 2122 4442 Christi
2147 4377 2271 4442 fuit
2288 4377 2358 4441 in
2374 4376 2615 4441 lumbis
2633 4380 2891 4458 patrum
2912 4377 3079 4442 sicut
3102 4376 3440 4454 medicina,

1889 4482 2057 4547 sicut
2083 4483 2236 4548 dicit
2256 4482 2667 4564 Augustinus
2694 4482 2763 4546 in
2791 4483 2953 4546 libro
2979 4481 3227 4546 decimo
3252 4498 3443 4564 super

1897 4591 2192 4659 Genesim
2235 4591 2327 4658 ad
2364 4590 2654 4658 litteram
2675 4591 2697 4627 ⁸
2713 4608 2742 4671 ;
2770 4607 2919 4655 caro
2962 4607 3118 4654 vero
3166 4589 3441 4654 aliorum

1889 4700 2269 4781 hominum,
2313 4703 2480 4767 sicut
2526 4700 2826 4780 indigens
2877 4697 3243 4763 medicina:
3281 4716 3441 4779 ergo

1889 4808 2147 4873 videtur
2184 4807 2360 4891 quod
2407 4807 2707 4874 habuerit
2745 4806 3120 4890 qualitatem
3158 4805 3352 4871 aliam
3381 4811 3441 4870 et

1889 4915 2108 4980 aliam.

1968 5028 2028 5087 4.
2060 5022 2224 5089 Item
2251 5022 2426 5107 quod
2452 5022 2728 5088 totaliter
2753 5025 3134 5103 corruptum
3162 5027 3279 5102 est,
3309 5039 3441 5087 non

1887 5134 1983 5196 est
2010 5128 2307 5213 possibile
2342 5130 2422 5194 ad
2450 5130 2842 5195 curationem
2880 5149 2898 5193 z
2944 5129 2998 5193 si
3025 5147 3186 5212 ergo
3232 5129 3439 5195 Adam

1886 5237 2010 5301 fuit
2033 5235 2352 5319 possibilis
2388 5234 2470 5301 ad
2508 5232 2930 5316 curationem,
2978 5236 3197 5320 aliqua
3236 5236 3436 5320 parti-

1887 5345 2033 5409 cula
2057 5341 2368 5408 remansit
2392 5342 2461 5407 in
2487 5361 2566 5407 eo
2590 5342 2965 5425 incorrupta
3013 5364 3029 5407 :
3059 5342 3171 5408 sed
3210 5343 3291 5408 de
3330 5343 3442 5407 illa

1887 5452 2232 5535 particula,
2280 5470 2428 5536 quae
2468 5451 2778 5516 remansit
2817 5452 2957 5518 sine
3000 5453 3433 5534 corruptione,
