4185 6288
1193 485 1387 551 ms'r.
1429 483 1557 551 XV.
1592 481 1761 550 ’ΛΒΤ

247 624 723 710 impedivissent,
752 639 952 704 quam
979 621 1331 702 juvissent,
1358 620 1522 684 sicut
1548 621 1751 684 defec-

246 741 340 801 tus
371 736 796 800 membrorum
820 782 837 810 ‚
868 732 973 798 vel
1007 751 1350 811 sensuum,
1382 737 1445 796 et
1480 732 1758 797 aliorum

245 843 643 907 consimilium
672 860 690 905 ε
721 844 785 905 et
812 840 954 904 ideo
984 859 1116 904 non
1139 840 1429 922 sequitur
1458 837 1639 903 illud.

313 955 369 1015 4.
406 949 493 1014 Ad
534 947 696 1013 illud
735 966 891 1013 vero
918 948 1090 1030 quod
1116 951 1431 1031 postremo
1460 945 1759 1028 objicitur

241 1057 313 1121 de
351 1056 781 1121 humiliatione
804 1103 822 1134 ‚
870 1055 1207 1120 dicendum
1253 1053 1544 1117 similiter
1588 1052 1758 1135 quod

241 1163 432 1227 omnis
462 1162 823 1228 humiliatio
862 1163 1146 1227 virtuosa
1180 1164 1243 1224 et
1282 1158 1615 1224 laudabilis
1651 1176 1756 1222 or-

238 1273 367 1332 tum
408 1270 593 1335 babet
656 1287 739 1333 ex
807 1268 1181 1334 discretione
1248 1265 1512 1331 rationis
1561 1287 1578 1329 ε
1630 1282 1761 1329 non

239 1376 397 1440 enim
448 1376 785 1458 procedere
832 1376 1021 1441 debet
1069 1393 1152 1439 ex
1197 1374 1439 1456 impetu
1459 1420 1477 1450 ‚
1524 1372 1631 1436 sed
1679 1390 1762 1436 ex

241 1501 414 1549 causa
452 1483 810 1548 rationabili
842 1502 860 1548 ε
894 1487 958 1547 et
993 1482 1145 1565 quia
1176 1481 1253 1547 de
1294 1480 1614 1563 aliquibus
1649 1480 1763 1543 de-

240 1592 483 1655 fectibus
518 1590 889 1656 rationabile
933 1609 1064 1655 non
1103 1593 1241 1654 erat
1281 1594 1355 1653 ut
1382 1588 1670 1653 Christus
1695 1605 1762 1651 se

239 1715 343 1779 per
366 1697 609 1762 illorum
639 1698 1137 1780 assumptionem
1177 1695 1582 1774 humiliaret,
1612 1694 1764 1776 quia

238 1822 300 1869 se
342 1804 543 1887 potius
596 1824 681 1871 ex
734 1806 844 1869 illa
903 1803 1350 1868 humiliatione
1423 1801 1714 1866 inutilem
1742 1851 1760 1883 ,

238 1931 423 1996 quam
483 1915 704 1979 utilem
766 1912 1169 1989 reddidisset,
1220 1913 1385 1976 sicut
1442 1911 1496 1974 si
1544 1911 1765 1974 ruisset

238 2038 454 2101 caecus,
499 2022 824 2104 gibbosus,
868 2024 932 2084 et
970 2019 1340 2102 hujusmodi
1363 2067 1382 2096 ,
1432 2018 1573 2083 ideo
1610 2017 1766 2080 tales

238 2127 406 2192 nullo
428 2128 613 2193 modo
638 2128 858 2193 debuit
881 2144 1228 2205 assumere,
1252 2125 1360 2189 sed
1389 2123 1530 2188 illos
1555 2124 1764 2189 solum

236 2233 306 2298 de
342 2235 571 2317 quibus
616 2253 811 2317 supra
850 2235 1094 2299 dictum
1133 2237 1249 2308 est,
1295 2230 1586 2296 videlicet
1625 2229 1767 2294 illos

236 2344 338 2426 qui
375 2345 717 2428 respiciunt
761 2345 968 2427 ipsam
1012 2347 1335 2420 naturam,
1383 2345 1447 2404 et
1481 2339 1768 2422 praebent

232 2450 397 2515 ›viam
423 2453 501 2518 ad
522 2452 865 2535 justitiam,
896 2469 1028 2516 non
1056 2450 1133 2514 ad
1167 2450 1441 2532 culpam.

747 2681 1103 2762 QUAESTIO
1130 2682 1237 2747 111.

299 2848 384 2904 An
405 2847 639 2917 defecti&
659 2851 722 2905 in
747 2847 956 2904 Christo
981 2850 1191 2917 fuerint
1220 2863 1256 2903 a
1282 2850 1517 2912 natura,
1542 2846 1629 2900 vel
1658 2861 1695 2900 a

822 2938 1104 2994 voluntate
1123 2935 1162 2993 ⁸.

70 3123 199 3181 um„
302 3095 388 3164 De
427 3096 775 3163 defectibus
806 3096 1151 3181 assumptis
1193 3115 1233 3160 a
1270 3096 1515 3161 Christo
1555 3112 1761 3179 quan-

230 3208 360 3270 tum
418 3205 499 3271 ad
551 3203 1022 3285 causalitatem,
1089 3204 1361 3285 scilicet,
1422 3207 1645 3268 utrum
1698 3204 1768 3267 in

234 3309 464 3391 Christo
502 3313 746 3380 fuerint
775 3333 815 3377 a
840 3323 1101 3394 natura,
1135 3332 1218 3377 an
1243 3332 1284 3377 a
1309 3312 1636 3376 voluntate
1659 3332 1675 3389 ;
1707 3314 1770 3374 et

232 3422 394 3505 qnod
420 3439 555 3488 non
585 3442 626 3487 a
650 3421 1011 3501 voluntate,
1043 3421 1153 3486 sed
1194 3440 1234 3484 a
1271 3424 1502 3485 natura
1522 3468 1541 3501 ,
1587 3419 1768 3485 vide-

231 3532 369 3594 tur¹
402 3551 420 3594 t
451 3531 619 3596 Deus
664 3534 926 3597 'nortem
959 3545 1090 3595 non
1127 3529 1277 3608 fecit
1311 3548 1336 3590 .·
1372 3528 1426 3591 si
1457 3544 1588 3592 non
1624 3528 1770 3592 fecit

233 3640 517 3717 mortem,
546 3655 706 3719 ergo
730 3636 872 3720 pari
897 3636 1143 3701 ratione
1170 3653 1288 3700 nec
1321 3634 1634 3700 defectum
1659 3653 1767 3699 or-

233 3743 509 3810 dinatum
540 3745 620 3809 ad
650 3748 924 3809 mortem
956 3761 974 3805 2
1006 3762 1167 3825 ergo
1194 3743 1247 3806 si
1276 3744 1344 3806 in
1371 3742 1620 3809 Christo
1648 3744 1769 3809 fuit

234 3852 367 3917 talis
405 3852 709 3933 desectus,
758 3852 1017 3918 videtur
1061 3851 1232 3934 quod
1277 3870 1409 3915 non
1452 3852 1643 3917 fuerit
1684 3870 1769 3917 ex

236 3959 551 4025 voluntate
575 3960 981 4040 assumentis,
1003 3958 1113 4023 sed
1138 3977 1221 4023 ex
1247 3958 1582 4023 derectuna
1593 3964 1763 4025 turae

233 4071 589 4151 assumptae.

306 4181 364 4240 2.
395 4176 588 4255 Item,
617 4173 898 4240 defectus
924 4190 1055 4237 non
1089 4171 1282 4237 habet
1325 4191 1585 4237 causam
1625 4174 1763 4239 effi·

234 4281 495 4347 cientem
519 4329 537 4360 ‚
566 4279 678 4345 sed
714 4279 1113 4344 deficientem
1142 4300 1159 4343 ε
1192 4279 1302 4344 sed
1328 4280 1626 4344 voluntas
1662 4299 1766 4344 as-

234 4390 535 4455 sumentis
579 4406 710 4452 non
737 4388 997 4471 ponitur
1031 4405 1225 4451 causa
1260 4387 1604 4452 deficientis
1647 4388 1763 4451 ali-

234 4497 411 4576 quus
457 4517 474 4559 t
524 4513 684 4578 ergo
733 4497 889 4561 tales
928 4496 1205 4560 defectus
1242 4513 1375 4559 non
1422 4498 1769 4579 potuerunt

234 4620 361 4668 esse
380 4623 420 4668 a
459 4603 795 4669 voluntate
832 4602 1252 4681 assumentis;
1283 4606 1349 4666 et
1374 4605 1588 4668 tamen
1626 4606 1770 4668 fue-

232 4715 376 4774 runt
402 4729 486 4775 ex
511 4710 839 4776 voluntate
867 4710 1248 4776 assumentis
1263 4757 1282 4791 ,
1310 4709 1522 4775 velex
1549 4711 1766 4776 condi-

234 4816 398 4883 tione
421 4823 673 4884 naturae
699 4823 1082 4902 assumptae:
1114 4835 1303 4900 erge,
1329 4821 1449 4883 etc.

312 4931 368 4991 3.
401 4927 592 5007 item,
637 4924 805 5010 quod
849 4926 1015 4991 inest
1048 4927 1242 4991 alicui
1280 4946 1320 4990 a
1345 4946 1462 4991 sua
1497 4928 1771 4991 naturali

234 5032 499 5114 origine,
551 5033 720 5098 inest
742 5034 803 5099 ei
842 5045 955 5117 per
1000 5038 1352 5099 naturam:
1385 5035 1494 5099 sed
1538 5036 1769 5117 hujus-

235 5140 403 5204 modi
446 5141 726 5207 defectus
766 5141 992 5206 insunt
1038 5141 1285 5207 Christo
1325 5160 1366 5205 a
1401 5160 1521 5206 sua
1564 5141 1774 5226 prima

232 5247 528 5330 origine:
559 5266 720 5333 ergo
751 5248 1009 5317 videtur
1041 5248 1214 5331 quod
1250 5248 1449 5314 insint
1484 5248 1542 5314 ei
1584 5267 1625 5313 a
1663 5268 1774 5315 na·

256 5373 399 5421 ura.

303 5484 320 5517 ¹
342 5462 423 5547 'cst
449 5478 587 5538 Alex.
612 5485 839 5550 Alensis,
862 5485 1009 5550 le,
1037 5499 1089 5549 q.
1116 5495 1166 5547 v,
1190 5483 1385 5535 memb.
1406 5487 1434 5534 2
1456 5486 1546 5547 58.
1568 5484 1771 5547 Thon„

470 5591 620 5641 ron.
664 5591 755 5641 tv.

1767 532 1787 553 .
1834 486 1881 549 1.
1929 485 2228 563 QUAEST.
2268 486 2388 551 111.

3292 501 3406 560 337

1944 626 2006 685 4.
2040 621 2199 685 ltem
2224 617 2379 685 illud
2410 621 2478 685 in
2504 640 2634 705 quo
2655 621 2864 704 proles
2890 624 3276 692 assimilatur
3305 649 3413 712 pa-

1866 727 2053 806 renti,
2086 731 2183 791 est
2210 728 2497 793 naturale
2525 729 2707 812 proli,
2736 748 2850 812 pro
2878 749 2953 794 eo
2979 734 3150 815 quod
3180 740 3412 801 natura

1866 838 1961 899 est
1987 834 2088 897 vis
2112 834 2302 897 insita
2329 836 2542 915 rebuS,
2561 854 2644 899 ex
2669 835 2981 901 similibus
3006 839 3241 905 similia
3267 862 3411 924 pro·

1866 959 2086 1006 creans
2116 962 2131 1003 :
2164 941 2275 1005 sed
2312 940 2599 1006 Christus
2636 962 2718 1007 ex
2752 944 2998 1009 defectu
3034 948 3415 1028 passibilita-

1868 1047 1947 1110 tis
1990 1047 2377 1113 assimilatur
2415 1050 2606 1113 matri
2633 1068 2801 1129 suae,
2832 1069 2872 1114 a
2899 1071 3027 1133 qua
3051 1055 3246 1118 traxit
3282 1057 3411 1120 ori-

1868 1157 2088 1238 ginem
2121 1179 2139 1221 z
2176 1177 2333 1240 ergo
2374 1160 2628 1224 videtur
2671 1161 2842 1243 quod
2884 1161 3258 1245 hujusmodi
3304 1169 3413 1233 de-

1871 1264 2069 1328 fectus
2094 1270 2157 1329 et
2181 1266 2575 1347 poenalitates
2602 1268 2730 1333 sint
2755 1269 2813 1333 ei
2839 1270 3180 1334 naturales.

1950 1375 2010 1434 5.
2043 1371 2233 1448 Item,
2263 1390 2378 1454 per
2402 1378 2699 1437 naturam
2732 1375 2911 1457 prius
2937 1376 3059 1440 fuit
3087 1377 3245 1442 illud
3273 1398 3413 1444 cor-

1869 1497 1991 1560 pus
2034 1479 2381 1543 formatum
2402 1528 2422 1558 ,
2470 1499 2667 1563 quam
2715 1487 2876 1546 esset
2927 1485 3181 1549 unitum
3243 1509 3258 1550 ε
3308 1489 3418 1552 sed

1870 1603 2105 1666 corpus
2132 1586 2328 1665 illud,
2358 1587 2572 1650 statim
2615 1593 2690 1652 ut
2727 1588 2849 1652 fuit
2884 1590 3266 1673 formatum,
3299 1594 3420 1660 fuit

1870 1693 2185 1775 passibile,
2227 1694 2330 1758 vel
2372 1694 2758 1778 impassibile
2799 1719 2814 1759 ε
2861 1703 2924 1761 et
2964 1704 3206 1765 constat
3247 1704 3418 1785 quod

1871 1818 2001 1864 non
2038 1801 2429 1883 impassibile
2469 1820 2487 1865 t
2517 1820 2675 1882 ergo
2716 1804 3192 1885 passibilitatem
3245 1811 3421 1892 prius

1873 1927 1987 1990 per
2015 1913 2314 1973 naturam
2343 1909 2591 1987 habuit,
2624 1928 2820 1992 quam
2847 1913 3144 1978 uniretur
3184 1916 3419 1980 animae

1874 2013 2146 2095 Christi,
2195 2017 2300 2081 vel
2369 2017 2488 2099 ipsi
2533 2016 2874 2082 divinitati.
2929 2019 3195 2086 Videtur
3259 2041 3421 2103 ergo

1873 2122 2043 2203 quod
2085 2122 2229 2186 talis
2264 2123 2640 2205 passibilitas
2681 2143 2813 2189 non
2858 2125 3058 2190 suita
3098 2128 3424 2193 voluntate

1872 2230 2275 2294 assumentis.
2307 2230 2374 2295 Si
2415 2235 2488 2294 tu
2516 2230 2719 2310 dicaS,
2752 2231 2924 2314 quod
2964 2233 3084 2297 fuit
3125 2254 3165 2297 a
3199 2235 3426 2300 volun-

1873 2340 2000 2401 tate
2047 2338 2324 2420 Spiritus
2361 2339 2560 2402 sancti
2578 2387 2597 2418 ‚
2651 2341 2763 2422 qui
2814 2341 2937 2403 fuit
2979 2342 3316 2407 fabricator
3362 2350 3424 2408 et

1874 2444 2300 2510 sanctificator
2335 2445 2508 2510 illius
2544 2449 2857 2530 corporis,
2887 2449 3209 2532 objicitur,
3247 2453 3421 2533 quod

1874 2551 2083 2631 gratia
2112 2551 2386 2634 Spiritus
2414 2555 2614 2617 sancti
2641 2555 2832 2618 simul
2868 2560 2991 2619 stat
3022 2577 3172 2621 cum
3213 2559 3423 2640 passi-

1873 2657 2117 2722 bilitate
2140 2663 2203 2722 et
2229 2677 2440 2741 poena.
2465 2659 2531 2725 Si
2549 2678 2706 2742 ergo
2735 2660 3008 2745 Spiritus
3037 2671 3294 2731 sanctus
3321 2687 3427 2732 su-

1875 2765 2251 2846 perveniens
2278 2768 2778 2850 compatiebatur
2812 2789 2880 2835 se
2916 2791 3064 2835 cum
3114 2774 3422 2856 passibili·

1876 2875 2003 2937 tate
2022 2919 2041 2950 ‚
2072 2872 2325 2939 videtur
2351 2875 2526 2957 quod
2554 2877 2766 2958 potius
2802 2878 3110 2944 defectum
3155 2883 3426 2965 passibi-

1874 2979 2068 3043 litatis
2131 2982 2536 3061 sustinuerit,
2583 3003 2783 3067 quam
2830 2987 3151 3053 curaverit
3200 3012 3217 3054 τ
3266 3010 3424 3073 ergo

1875 3088 2154 3154 defectus
2189 3090 2558 3174 hujusmodi
2597 3093 2665 3157 in
2708 3092 2954 3159 Christo
3003 3113 3136 3162 non
3179 3115 3261 3162 ex
3300 3117 3422 3165 vo-

1874 3193 2123 3261 luntate
2138 3245 2156 3276 ,
2189 3198 2300 3263 sed
2326 3217 2409 3262 ex
2437 3203 2668 3263 natura
2697 3201 2982 3267 fuerunt.

1957 3304 2079 3370 Sed
2110 3310 2330 3372 contra
2359 3329 2376 3372 :
2405 3308 2705 3390 Magister
2729 3309 2800 3373 in
2826 3310 3033 3375 littera
3064 3333 3081 3377 ε
3113 3335 3144 3373 α
3168 3313 3265 3378 Ex
3291 3302 3424 3381 sola
3451 3355 3659 3399 mmm,

1878 3405 2207 3479 voluntate
2226 3415 2651 3480 miserationis
2667 3416 2736 3480 in
2759 3435 2826 3481 se
2853 3420 3175 3484 transtulit
3198 3440 3421 3488 veram

1878 3525 2341 3607 infirmitatem,
2380 3529 2544 3594 sicut
2569 3531 2809 3613 accepit
2832 3526 3053 3597 veram
3083 3553 3361 3601 carnem.
3383 3558 3413 3597 ιι

1878 3630 2077 3714 Ergo,
2106 3638 2226 3699 etc.

1961 3741 2153 3822 ltem,
2183 3760 2406 3808 omnes
2444 3744 2721 3809 defectus
2759 3748 2823 3810 et
2859 3749 3282 3831 poenalitates,
3312 3754 3425 3835 qui

1849 3829 1949 3913 ‘in
1981 3849 2228 3914 Christo
2255 3851 2537 3931 suerunt,
2563 3871 2676 3935 per
2704 3857 3206 3937 assumptionem
3230 3859 3425 3927 fuisse

1878 3956 2181 4020 dicuntur
2211 3977 2228 4021 ε
2258 3957 2369 4022 sed
2411 3976 2735 4024 assumere
2780 3966 2875 4025 est
2909 3966 3086 4027 actus
3125 3964 3425 4031 volunta-

1877 4065 1981 4144 tis,
2025 4083 2158 4130 non
2201 4069 2451 4131 naturae
2484 4084 2504 4132 ε
2533 4083 2690 4148 ergo
2738 4069 3134 4151 poenalitates
3181 4073 3309 4139 illae
3357 4076 3425 4139 in

1878 4171 2123 4237 Christo
2151 4173 2412 4238 fuerunt
2439 4192 2570 4238 non
2609 4175 3014 4257 naturaliter,
3046 4178 3157 4244 sed
3184 4180 3429 4261 volun-⁴

1874 4281 2057 4347 tarie.
2709 4288 2712 4291 “

1960 4387 2143 4466 Item,
2171 4385 2443 4469 qualitas
2468 4389 2750 4470 corporis
2784 4390 3212 4473 principaliter
3238 4397 3424 4460 attri-

1878 4494 2137 4559 buenda
2165 4498 2261 4558 est
2285 4493 2603 4576 principio
2639 4494 2929 4561 effectivo
2961 4519 2978 4563 ε
3016 4500 3125 4563 sed
3153 4499 3428 4585 Spiritus

1878 4606 2141 4667 sanctus
2203 4601 2326 4665 fuit
2374 4602 2719 4684 principale
2762 4605 3148 4688 principium
3194 4610 3428 4675 effecti-

1878 4728 2042 4775 vum
2064 4709 2346 4792 corporis
2374 4708 2600 4774 Christi
2631 4732 2647 4777 z
2683 4729 2844 4792 ergo
2873 4713 3141 4795 qualitas
3170 4718 3427 4799 passibi-

1880 4817 2073 4882 litatis
2108 4816 2321 4897 magis
2355 4816 2541 4881 debet
2580 4818 2839 4882 attribui
2876 4818 3144 4902 Spiritui
3183 4830 3422 4908 sancte,

1881 4946 2076 5010 quam
2107 4931 2357 4992 naturae
2387 4945 2404 4991 ε
2432 4928 2542 4992 sed
2568 4927 2842 5010 Spiritus
2869 4937 3127 4997 sanctus
3153 4940 3248 4999 est
3275 4954 3429 5020 ope·

1881 5053 2034 5100 rans
2090 5052 2206 5118 per
2248 5033 2644 5098 voluntatem
2697 5054 2904 5118 :ergo
2943 5039 3099 5106 tales
3150 5042 3429 5111 defectus

1882 5142 2146 5206 fuerunt
2172 5141 2240 5204 in
2268 5140 2512 5206 Christo
2540 5160 2580 5207 a
2606 5143 2956 5210 voluntate.

1884 5284 1937 5333 p.
1966 5269 2067 5331 111,
2089 5282 2140 5333 q.
2178 5279 2288 5332 Ην,
2307 5270 2402 5318 art.
2425 5269 2480 5331 33
2511 5272 2562 5319 et
2583 5268 2645 5318 lll
2675 5270 2836 5334 Seni„
2859 5272 2977 5323 dist.
3007 5286 3094 5338 xit,
3113 5290 3166 5341 q.
3187 5290 3231 5343 ι,
3252 5284 3346 5331 art.
3370 5283 3428 5344 3,

1886 5345 1938 5392 et
1963 5342 2138 5405 Opusc.
2179 5341 2242 5405 v,
2272 5354 2319 5391 c.
2351 5341 2901 5405 ccxxtn5Ricbardus‚
2921 5343 2990 5395 111
3012 5344 3173 5414 Sem„
3196 5352 3312 5404 dist.
3344 5368 3429 5417 xv,

1886 5428 1939 5548 (11,
1957 5424 2050 5536 1:3³.
2067 5412 2246 5479 Stepb.
2268 5411 2478 5477 Brulef„
2501 5411 2565 5463 111
2591 5415 2748 5478 Seni„
2766 5414 2883 5467 dist.
2901 5428 2987 5480 xv,
3008 5432 3060 5482 q.
3081 5430 3159 5471 111.
3173 5425 3270 5461 -ἱ
3288 5426 3430 5491 Sap„

3117 5588 3195 5648 22
