4185 6288
1119 448 1307 516 msT.
1356 446 1463 514 111.
1513 440 1742 511 PART.
1790 442 1843 511 1.
1883 438 2067 517 ΛΒΤ.
2113 439 2159 505 1.
2204 438 2502 518 QUAEST.
2548 438 2626 503 11.
3384 436 3464 507 63

273 596 422 659 runt.
480 588 625 655 Boc
649 593 878 655 autem
904 605 1041 653 non
1069 591 1191 667 est,
1222 585 1349 651 nisi
1374 584 1528 668 quia
1571 580 1813 647 fuimus
1913 578 2119 659 ‚ianua
2161 574 2463 640 omnibus
2500 577 2721 657 aperta
2754 572 2948 637 fuerit
2975 588 3091 655 per
3116 569 3463 649 Christum

272 699 330 762 in
363 697 576 763 Adam
618 688 984 761 secundum
1027 694 1398 760 seminalem
1439 690 1755 757 rationem
1790 709 1806 752 z

273 825 413 888 ergo
440 805 500 869 si
523 804 734 886 Virgo
772 805 898 867 suit
925 802 1275 868 secundum
1303 798 1676 865 seminalem
1716 814 1814 859 ra-

1922 689 1986 748 et
2032 683 2121 747 ita
2161 683 2391 747 falsum
2431 681 2582 747 dicit
2624 679 2993 763 ApostoluS,
3027 697 3181 744 cum
3224 677 3462 743 dicit':

1924 790 2177 858 Placuit
2197 792 2259 856 ei
2276 806 2392 872 per
2409 792 2436 856 i
2434 805 2621 873 psum
2637 788 3044 854 reconciliari
3063 787 3305 865 omnia,
3323 801 3468 869 quoe

273 913 526 989 tionem,
571 912 835 977 videtur
872 910 1048 994 quod
1092 908 1410 975 contraxit
1454 902 1770 988 originale
1791 950 1813 983 ,
1873 971 1878 975 ,
1923 901 2000 964 in
2022 898 2222 977 coelis,
2247 898 2383 964 sive
2406 914 2547 982 quoe
2578 897 2649 963 in
2675 897 2866 962 terris
2892 901 3066 962 sunt.

270 1020 421 1085 sicut
442 1024 511 1084 et
538 1019 671 1084 alii.

339 1128 504 1192 Item
547 1125 999 1209 Augustinus¹
1034 1146 1052 1188 ι
1105 1146 1136 1184 α
1176 1121 1378 1188 Nemo
1427 1120 1730 1186 liberatur
1777 1138 1819 1185 a

273 1254 476 1299 massa
512 1234 754 1317 peccati
797 1231 922 1297 nisi
961 1232 1033 1295 10
1073 1229 1199 1295 fide
1249 1228 1733 1312 Redemptoris:
1776 1248 1808 1286 ι

216 1370 226 1378 ·
272 1361 421 1426 ergo
450 1360 680 1407 omnes
713 1345 1030 1426 quotquot
1062 1339 1449 1423 eripiuntur,
1469 1354 1584 1420 per
1613 1333 1819 1400 Chris-

275 1456 406 1514 tum
448 1450 817 1533 eripiuntur
860 1471 878 1510 ε
925 1447 1036 1513 sed
1081 1465 1211 1513 non
1250 1445 1561 1510 liberatur
1595 1442 1742 1526 quis
1780 1458 1822 1505 a
1911 1506 1934 1515 „

273 1556 545 1636 peccato,
588 1551 764 1635 quod
817 1568 950 1615 000
998 1549 1193 1614 habet
1231 1570 1248 1613 ε
1294 1567 1456 1629 ergo
1524 1546 1818 1615 videtur,

281 1659 441 1742 quod
467 1677 695 1724 omnae
721 1657 829 1723 alii
872 1677 913 1722 a
941 1655 1187 1722 Christo
1231 1654 1661 1720 contraxerint
1692 1651 1822 1719 ori-

282 1766 487 1849 ginale
512 1769 867 1850 peccatum.

357 1874 513 1939 Item
538 1872 667 1938 Leo
685 1873 861 1956 Papa
887 1872 1252 1939 insermone
1281 1868 1674 1937 Natiuitatis
1701 1865 1823 1932 Do·

289 1984 485 2049 mini¹
513 2002 538 2043 .·
574 2005 606 2041 α
633 1980 943 2045 Dominus
990 1982 1240 2059 noster,
1284 1977 1521 2062 peccati
1565 1964 1824 2039 inertis-

310 2104 426 2168 que
466 2085 842 2162 destructor,
871 2084 1039 2146 sicut
1075 2081 1328 2147 nullum
1374 2099 1414 2144 a
1454 2082 1635 2144 reatu
1675 2076 1828 2140 libe-

293 2210 430 2255 rum
455 2192 709 2277 reperit,
730 2192 820 2255 ita
844 2188 1190 2254 liberandis
1221 2186 1521 2253 omnibus
1554 2184 1753 2250 venit.
1787 2205 1817 2243 ιι

297 2300 453 2382 Ergo
471 2320 590 2364 nec
605 2301 861 2364 beatam
883 2296 1220 2379 Virginem
1246 2293 1490 2358 invenit
1511 2292 1781 2357 liberam
1804 2311 1822 2353 ε

299 2425 441 2490 ergo
466 2407 779 2490 originale
806 2409 1138 2490 peccatum
1166 2401 1500 2467 contraxit.

369 2514 518 2581 Item
542 2516 666 2579 hoc
707 2515 925 2599 ipsum
965 2511 1216 2576 videtur
1260 2509 1505 2573 ratione
1537 2529 1554 2570 t
1596 2505 1750 2589 quia
1776 2505 1829 2568 si

299 2622 468 2687 beata
490 2623 690 2705 Virgo
718 2620 923 2685 caruit
951 2617 1254 2699 originali
1283 2620 1576 2700 peccat0,
1625 2611 1831 2679 caruit

307 2733 508 2796 merito
532 2731 756 2796 mortis
788 2752 803 2793 ε
836 2746 997 2810 ergo
1032 2727 1134 2792 vel
1175 2724 1487 2808 injustitia
1531 2725 1695 2787 facta
1737 2726 1832 2787 est

309 2838 360 2900 ei
385 2858 519 2902 cum
545 2843 800 2903 mortua
827 2837 970 2916 fuit,
1005 2835 1102 2899 vel
1134 2830 1558 2915 dispensative
1591 2848 1706 2911 pro
1737 2848 1832 2893 sa-

310 2942 424 3010 lute
462 2945 713 3029 generis
754 2943 1032 3009 humani
1082 2945 1335 3006 mortua
1375 2942 1489 3003 aet.
1539 2936 1832 3002 Primum

316 3052 440 3118 tacit
461 3054 536 3119 ad
563 3053 1021 3119 contumeliam
1057 3050 1206 3128 Dei,
1246 3048 1399 3132 quia
1442 3047 1495 3110 si
1523 3046 1679 3110 illud
1720 3063 1830 3110 ve-

316 3173 442 3222 rum
469 3161 579 3238 est,
608 3158 780 3222 Deus
811 3175 943 3220 000
972 3158 1064 3219 est
1085 3157 1299 3237 justus
1329 3150 1710 3229 retributor;
1743 3167 1837 3214 se-

320 3266 569 3330 eundum
611 3265 693 3329 ad
741 3261 1195 3329 contumeliam
1254 3258 1515 3337 Christi,
1573 3257 1727 3341 quia
1781 3256 1835 3319 si

321 3369 454 3436 illud
475 3391 701 3439 verum
740 3377 871 3452 est,
906 3370 1188 3437 Christus
1216 3386 1349 3432 non
1376 3370 1472 3431 est
1509 3365 1830 3429 sufficiens

324 3479 649 3564 redemptor
694 3503 712 3544 z
757 3496 917 3561 ergo
964 3480 1315 3559 utrumque
1349 3474 1581 3539 falsum
1621 3476 1744 3551 est,
1775 3474 1839 3534 et

326 3583 676 3668 impossibile
707 3609 725 3651 ε
758 3590 955 3652 restat
988 3602 1185 3668 ergo,
1229 3582 1403 3668 quod
1434 3578 1661 3646 habuit
1686 3596 1835 3663 pec·

331 3698 512 3758 catum
533 3694 865 3778 originale.

397 3800 536 3867 item
594 3803 815 3868 nullus
866 3800 1137 3885 pertinet
1197 3798 1280 3864 ad
1332 3794 1839 3879 redemptionem

337 3905 562 3991 Christi,
615 3910 740 3975 nisi
797 3910 911 3993 qui
970 3908 1163 3973 habet
1222 3906 1474 3989 culpam
1520 3925 1537 3966 ε
1582 3901 1636 3966 si
1683 3917 1841 3982 ergo

337 4014 490 4082 beata
520 4017 721 4100 Virgo
762 4017 970 4082 caruit
1004 4013 1340 4098 originali,
1374 4011 1629 4076 videtur
1667 4005 1842 4091 quod

341 4122 405 4186 ad
422 4124 901 4210 redemptionem
926 4123 1160 4189 Christi
1188 4140 1321 4186 non
1347 4119 1659 4203 pertineat
1687 4138 1704 4180 z
1730 4114 1841 4179 sed

343 4246 544 4314 magna
576 4237 670 4299 est
709 4232 923 4316 gloria
961 4230 1210 4295 Christo
1253 4230 1331 4294 de
1381 4225 1640 4302 sanctis,
1681 4240 1844 4307 quos

343 4339 617 4407 redemit:
647 4359 806 4423 ergo
845 4340 898 4403 si
938 4356 1070 4404 non
1109 4336 1377 4402 redemit
1417 4335 1670 4398 beatam
1708 4329 1846 4396 Vir-

347 4445 551 4529 ginem,
580 4447 971 4515 nobilissima
997 4445 1206 4527 gloria
1230 4443 1523 4528 privatur
1558 4462 1574 4505 :
1605 4438 1663 4504 si
1686 4457 1847 4521 ergo

345 4552 443 4619 hoc
478 4562 562 4622 est
596 4557 938 4642 profanum
986 4558 1052 4620 et
1081 4553 1354 4637 impium
1394 4550 1637 4630 dicere,
1677 4548 1849 4615 vide-

346 4663 452 4743 tur,
477 4670 584 4731 etc.

413 4770 570 4854 Item,
615 4773 668 4839 si
712 4773 903 4839 beata
944 4768 1145 4852 Virgo
1168 4770 1496 4853 peccatum
1535 4763 1850 4847 originale

345 4893 454 4942 non
491 4881 724 4962 habuit,
770 4884 838 4946 et
877 4877 1047 4943 nulli
1092 4880 1185 4941 est
1228 4876 1444 4941 clausa
1486 4875 1688 4958 janua
1728 4870 1853 4935 nisi

344 4988 536 5053 merito
562 4987 895 5074 originalis
921 4985 1184 5069 peccati,
1214 4984 1470 5050 videtur
1495 5000 1653 5064 ergo
1679 4978 1853 5063 quod

345 5091 387 5154 si
409 5102 636 5163 mortua
657 5099 891 5164 fuisset
919 5097 1066 5159 ante
1093 5091 1437 5171 Christum,
1470 5090 1683 5154 statim
1711 5106 1858 5153 evo-

341 5197 497 5269 lasset
536 5209 610 5273 ad
647 5208 898 5275 coelum
944 5226 961 5267 :
1005 5220 1160 5284 ergo
1197 5218 1331 5265 000
1379 5199 1635 5264 videtur
1677 5195 1854 5296 quod¹

387 5367 550 5439 ¹Aug„
581 5376 640 5428 de
666 5372 918 5437 00rrept.
939 5369 990 5417 ee
1032 5367 1202 5429 Grat„
1227 5380 1275 5416 0.
1301 5375 1392 5427 vu,
1421 5377 1476 5414 0.
1503 5368 1577 5415 Η.
1597 5363 1699 5401 ——2
1722 5362 1821 5414 Leo
1840 5399 1858 5427 ,

333 5443 381 5495 de
399 5449 550 5506 Nativ.
577 5454 720 5507 Dom.
744 5449 858 5490 -Λ
875 5442 1089 5526 ςρὶρεσ.,
1114 5454 1167 5528 1,⁸
1189 5444 1268 5528 20.
1291 5465 1353 5479 -
1369 5432 1397 5475 ’δ
1419 5441 1556 5520 δίῳ.)
1580 5441 1773 5518 10024..
1791 5464 1852 5516 -3

2432 1167 2476 1230 C
2491 1165 2539 1232 Ο
2553 1164 2604 1230 N
2618 1164 2659 1229 C
2672 1164 2781 1231 LU
2792 1165 2833 1231 S
2848 1164 2956 1231 10.

1928 1332 2081 1401 Quod
2129 1332 2377 1404 qlon‘osoe
2423 1334 2674 1403 Vir-ainis
2713 1335 3076 1404 sanctificatio
3131 1334 3306 1402 tuerit
3347 1335 3474 1404 post

1993 1425 2206 1494 peccati
2248 1423 2539 1493 originalis
2585 1426 3032 1488 contractionem,
3081 1423 3288 1494 pietati
3340 1419 3470 1492 fidei

1999 1515 2175 1582 maqis
2209 1518 2493 1585 consonat,
2542 1516 2589 1570 et
2614 1518 2919 1570 sanctorum
2947 1513 3255 1568 auctoritas
3294 1509 3471 1580 maqis

2000 1601 2304 1659 concordat.

2013 1763 2197 1849 Resp.
2222 1766 2299 1831 ad
2332 1783 2475 1848 arg.
2502 1764 2601 1830 Ad
2631 1764 3084 1849 praedictorum
3115 1761 3475 1843 intelligen-
3502 1791 3636 1846 opu..
3663 1803 3692 1833 t.

1931 1874 2099 1939 tiam*
2115 1879 2210 1938 est
2235 1872 2613 1949 notandum,
2645 1872 2819 1957 quod
2845 1871 3108 1956 quidam
3136 1871 3345 1935 dicere
3366 1886 3476 1933 vo-

1931 1980 2075 2046 lunt
2126 1981 2197 2045 in
2246 1981 2463 2046 anima
2514 1980 2812 2064 gloriosae
2863 1978 3147 2061 Virginis
3197 1977 3474 2060 gratiam

1933 2088 2442 2154 sanctificationis
2467 2087 2852 2170 praevenisse
2881 2085 3197 2150 maculam
3240 2083 3477 2168 peccati

1934 2196 2287 2279 originalis.
2308 2195 2640 2260 Rationem
2668 2199 2883 2260 autem
2907 2194 3106 2275 hujus
3125 2192 3476 2273 assignant,

1935 2304 2089 2388 quia
2153 2304 2411 2369 decebat
2486 2302 2771 2367 animam
2840 2300 3137 2383 gloriosae
3198 2299 3481 2381 Virginis

1936 2411 2314 2476 sanctificari
2378 2409 2900 2476 excellentissime
2962 2425 3160 2491 super
3233 2407 3480 2472 animas

1936 2517 2215 2585 aliorum
2267 2517 2691 2596 Sanctorum,
2734 2535 2867 2581 non
2908 2514 3120 2581 solum
3162 2519 3481 2600 quantum

1938 2627 2019 2693 ad
2047 2626 2503 2692 abundantiam
2528 2623 2894 2702 sanctitatis,
2923 2623 3034 2688 sed
3061 2623 3253 2688 etiam
3281 2641 3483 2706 quan·

1940 2740 2083 2799 tum
2126 2734 2207 2799 ad
2247 2731 2766 2799 accelerationem
2820 2730 3128 2813 temporis
3170 2751 3187 2793 ε
3228 2730 3372 2795 ideo
3412 2729 3480 2794 10

1941 2842 2204 2908 instanti
2247 2858 2383 2906 suae
2423 2839 2758 2905 creationis
2800 2838 2923 2903 ruit
2961 2838 3082 2902 sibi
3123 2837 3332 2919 gratia
3372 2836 3480 2901 10-

1941 2951 2104 3030 fusa,
2135 2950 2292 3015 etin
2333 2947 2557 3043 eodem
2596 2945 2858 3010 instanti
2897 2945 3115 3010 anima
3153 2945 3365 3009 intusa
3390 2945 3484 3009 est

1943 3057 2144 3122 carni.
2176 3056 2253 3121 Et
2281 3055 2466 3140 quia*
2492 3056 2777 3122 omnium
2816 3052 3148 3120 mobilium
3187 3051 3483 3119 mobilior

1944 3173 2040 3233 est
2081 3167 2443 3248 sapientia,
2474 3168 2537 3230 et
2563 3169 2586 3214 ⁸
2620 3187 2652 3226 ι
2692 3162 2893 3228 005011
2931 3162 3112 3227 tarda
3155 3160 3488 3227 molimina

1946 3272 2222 3356 Spiritus
2246 3272 2446 3338 sancti
2483 3271 2726 3354 gratia,
2756 3293 2787 3331 n
2824 3274 2889 3335 et
2932 3269 3137 3335 multo
3168 3269 3488 3351 potentior

1945 3387 2042 3447 est
2066 3381 2308 3464 gratia,
2339 3398 2537 3464 quam
2563 3384 2795 3445 natura
2819 3401 2837 3458 ;
2868 3378 3022 3443 hinc
3047 3381 3143 3443 est
3185 3377 3357 3461 quod
3403 3374 3488 3441 ef-

1945 3490 2147 3557 fectus
2172 3488 2399 3572 gratiae
2426 3486 2775 3552 sanctitatis
2813 3486 3024 3566 magis
3050 3483 3391 3568 praevaluit
3417 3482 3488 3547 10

1946 3615 2241 3676 carnem,
2300 3612 2498 3678 quam
2551 3593 2814 3659 effectus
2865 3593 3167 3657 foeditatis
3219 3593 3289 3657 in
3344 3592 3491 3657 ani-

1946 3722 2125 3769 mam
2159 3720 2178 3766 :
2207 3706 2272 3769 et
2308 3702 2452 3767 ideo
2496 3701 2750 3784 culpam
2785 3718 2920 3764 000
2958 3700 3293 3765 contraxit.
3341 3698 3494 3765 Haec

1948 3815 2168 3878 autem
2214 3809 2443 3893 positio
2493 3808 2748 3874 videtur
2796 3825 2978 3891 posse
3016 3807 3227 3872 rtssciri
3276 3806 3498 3872 multl-

1948 3913 2098 3997 plici
2126 3912 2583 3995 congruentia:
2615 3915 2758 3977 tum
2789 3916 3046 3994 propter
3071 3910 3300 3975 Christi
3326 3927 3497 3994 prae-

1950 4022 2218 4105 cipuum
2258 4020 2595 4097 honorem,
2637 4036 2831 4102 quem
2870 4017 3130 4083 decebat
3171 4017 3250 4082 de
3288 4021 3496 4083 matre

1953 4128 2300 4214 purissima
2336 4127 2499 4204 fleri;
2539 4130 2684 4191 tum
2724 4130 2985 4210 propter
3017 4124 3300 4208 Virginis
3337 4141 3499 4209 prae-

1951 4236 2317 4318 rogativam
2345 4233 2767 4317 singularem,
2784 4251 2933 4317 quae
2955 4233 3171 4298 debuit
3198 4232 3268 4296 10
3294 4231 3501 4314 digni·

1952 4345 2082 4405 tate
2110 4337 2623 4403 sanctificationis
2650 4340 2911 4402 caeteros
2937 4334 3200 4402 Sanctos
3224 4340 3288 4400 et
3310 4333 3500 4401 Sanc-

1953 4451 2053 4513 tas
2113 4445 2387 4529 praeire3
2457 4451 2599 4511 tum
2664 4444 2856 4510 etiam
2921 4446 3182 4527 propter
3257 4441 3500 4507 ordinis

1956 4554 2244 4620 decorem
2286 4576 2302 4618 ε
2337 4556 2413 4620 01
2437 4552 2602 4618 sicut
2625 4552 2748 4617 fuit
2782 4569 3053 4634 persona
3079 4550 3391 4615 immunis
3415 4550 3499 4614 ab

1957 4662 2277 4745 originali,
2310 4661 2471 4728 etin
2498 4676 2718 4739 carne,
2749 4662 2815 4725 et
2854 4658 2922 4723 in
2959 4658 3198 4736 anima,
3246 4657 3383 4723 sive
3428 4657 3498 4722 10

1958 4789 2152 4836 causa
2178 4774 2242 4835 et
2266 4770 2340 4834 in
2358 4769 2610 4847 effectu,
2631 4772 2695 4833 et
2720 4784 2992 4851 persona
3022 4768 3295 4848 utroque
3313 4765 3502 4831 modo

1958 4879 2203 4944 habens
2228 4875 2574 4959 originale,
2605 4874 2696 4940 sic
2735 4877 2896 4939 esset
2939 4890 3211 4956 persona
3253 4872 3500 4954 media,

1961 5004 2108 5069 quae
2156 4985 2437 5069 quodam
2493 4983 2686 5048 modo
2736 4981 3044 5060 haberet,
3101 4985 3166 5047 et
3223 4982 3505 5064 quodam

1961 5094 2152 5159 modo
2179 5111 2312 5157 non
2336 5093 2601 5160 haberet
2630 5108 2649 5154 ι
2681 5092 2745 5154 01
2767 5089 2893 5160 ista
2926 5091 3022 5153 est
3062 5088 3246 5154 beata
3268 5087 3497 5170 Virg0,
3614 5163 3623 5174 ·

1962 5218 2111 5286 quae
2134 5199 2475 5265 mediatrix
2499 5200 2597 5263 est
2618 5196 2785 5263 inter
2803 5212 2923 5261 nos
2947 5200 3013 5262 01
3040 5194 3383 5276 Christum,
3425 5194 3508 5261 si-

1971 5368 1988 5398 ⁸
2007 5365 2206 5429 Amba,
2224 5364 2275 5413 in
2294 5362 2410 5425 Lac,
2425 5361 2514 5412 lib.
2534 5361 2597 5423 ll,
2614 5373 2668 5409 0.
2692 5362 2767 5412 10.
2781 5385 2842 5398 -
2858 5361 2881 5397 ⁸
2898 5359 3079 5425 asoa,
3098 5373 3211 5423 ιιι,
3237 5363 3295 5411 10
3306 5373 3323 5422 ;
3344 5367 3503 5421 xxxv,

1973 5440 2064 5516 ,¹²⁵
2085 5435 2255 5514 {zer-2
2285 5446 2360 5518 ιε·
2390 5435 2437 5504 .⁴·
