4185 6288
688 480 805 540 340

686 607 978 692 sumpsit,
1005 603 1119 688 qui
1159 600 1401 666 faciunt
1441 596 1522 661 ad
1546 591 1990 678 {humilitatem
2024 603 2228 669 :ergo

686 716 912 783 habuit
948 714 1016 776 in
1042 729 1110 775 se
1138 709 1450 775 derectum
1492 708 1557 770 et
1586 701 1873 785 inopiam
1903 696 2223 764 scientiae:

686 826 795 891 sed
828 824 944 887 iste
971 820 1245 885 defectus
1270 818 1367 881 est
1393 810 1801 897 ignorantia:
1836 825 2017 888 erg0,
2047 809 2168 870 etc.

768 937 829 997 5.
855 930 1037 1006 Item,
1061 926 1343 991 Christus
1373 923 1445 985 in
1467 917 1861 985 suainfantia
1873 914 2106 978 habuit
2127 912 2233 975 de-

687 1041 924 1107 fectum
970 1033 1371 1118 eloquentiae,
1401 1028 1703 1113 quamvis
1731 1027 1895 1090 esset
1943 1021 2228 1087 Verbum

688 1147 912 1226 Patris,
945 1148 1016 1210 ut
1039 1143 1371 1210 veritatem
1410 1139 1717 1218 humanas
1763 1137 2008 1197 naturae
2060 1129 2130 1193 in
2164 1145 2232 1192 se

687 1258 1042 1327 ostenderet
1078 1278 1096 1318 ι
1129 1271 1286 1335 ergo
1333 1251 1474 1335 pari
1503 1249 1770 1323 ratione,
1803 1243 2100 1328 quamvis
2128 1259 2233 1304 es-

684 1370 779 1433 set
826 1364 1132 1449 sapientia
1184 1360 1389 1426 Patris
1410 1407 1430 1439 ,
1488 1354 1844 1422 secundum
1874 1353 2233 1416 humanam

683 1481 984 1541 naturam
1008 1476 1225 1536 tamen
1250 1466 1468 1533 debuit
1502 1465 1742 1530 habere
1786 1461 2103 1527 defectum
2131 1475 2234 1520 sa-

686 1588 945 1672 pientiae
975 1607 992 1651 :
1024 1583 1134 1650 sed
1159 1581 1265 1646 hic
1291 1584 1386 1644 est
1408 1577 1776 1661 ignorantia
1807 1595 1824 1639 ι
1853 1590 2036 1653 ergo,
2067 1574 2189 1634 etc.

668 1687 671 1690 ¹
766 1701 830 1760 6.
876 1694 1058 1773 Item,
1106 1686 1405 1775 quamvis
1462 1685 1751 1751 Christus
1807 1683 1969 1746 esset
2026 1677 2234 1742 virtus

688 1804 912 1884 Patris,
958 1803 1151 1886 juxta
1174 1796 1332 1863 illud
1370 1794 1544 1880 quod
1603 1792 1752 1856 dicit
1796 1785 2136 1872 Apostolus
2155 1790 2179 1825 ²
2216 1803 2235 1845 ε

676 1907 977 1981 ‘Dicimus
1007 1909 1329 1977 Christum
1357 1905 1473 1970 Dei
1515 1903 1845 1974 virtutem,
1880 1901 1942 1963 et
1966 1895 2086 1960 Dei
2127 1907 2236 1958 sa-

685 2023 1037 2105 pientiam
1094 2016 1322 2082 habuit
1359 2018 1575 2078 tamen
1622 2010 1939 2074 defectum
1992 2003 2236 2070 virium

683 2135 876 2215 ,iuxta
922 2129 1316 2210 exigentiam
1361 2125 1664 2188 humanas
1708 2121 1961 2182 naturae
2014 2136 2031 2178 ε
2079 2127 2238 2192 ergo

693 2241 946 2306 videtur
966 2236 1102 2321 pari
1120 2235 1366 2301 ratione
1387 2229 1562 2314 quod
1596 2223 1895 2293 habuerit
1921 2221 2240 2287 defectum

695 2347 1043 2432 sapientise.

458 2464 664 2510 Fundan-
706 2503 735 2539 ,ὅ
775 2453 898 2521 Sed
924 2457 1192 2518 contra:
1226 2444 1594 2529 Assumptio
1641 2441 1850 2507 carnis
1912 2437 2033 2503 ruit
2084 2451 2247 2518 opus

697 2564 934 2631 divinae
960 2559 1288 2644 sapientiae
1311 2577 1335 2620 .·
1363 2555 1472 2621 sed
1498 2549 1832 2636 sapientia,
1882 2543 2241 2612 secundum

696 2671 870 2756 quod
893 2667 1286 2752 hujusmodi,
1324 2682 1457 2729 non
1484 2666 1580 2727 est
1615 2656 2006 2743 principium
2048 2653 2246 2735 igno·

696 2781 924 2848 rantiae
954 2798 972 2844 z
1001 2795 1159 2858 ergo
1188 2773 1473 2840 Christus
1509 2787 1644 2833 non
1670 2763 2015 2847 assumpsit
2040 2761 2246 2826 defec-

701 2895 842 2957 tum
861 2889 1069 2968 illum,
1092 2885 1205 2969 qui
1232 2887 1327 2948 est
1352 2876 1742 2963 ignorantia.

778 2999 961 3075 Item,
1014 2995 1295 3060 Christus
1340 2990 1605 3055 venerat
1653 3001 1773 3048 nos
1814 2981 2040 3045 docere
2087 2997 2104 3040 :
2137 2972 2246 3038 sed

701 3104 1058 3192 ignorantis
1080 3120 1215 3167 non
1242 3102 1333 3164 est
1357 3098 1583 3163 docere
1620 3114 1637 3159 ι
1689 3107 1847 3173 ergo
1871 3105 2004 3152 non
2029 3082 2251 3149 debuit

703 3208 1135 3295 ignorantiam
1152 3220 1477 3270 assumere
1487 3248 1504 3265 .

782 3315 964 3394 Item,
994 3310 1156 3376 nulli
1207 3309 1333 3373 nisi
1385 3303 1610 3371 scienti
1654 3296 2041 3365 credendum
2092 3294 2187 3357 est
2231 3309 2250 3355 ε

705 3426 815 3492 sed
870 3423 1154 3488 Christus
1194 3418 1275 3483 ad
1317 3417 1440 3480 hoc
1492 3410 1672 3480 venit
1727 3409 1797 3471 in
1847 3419 2129 3479 carnem,
2183 3400 2259 3461 ut

705 3534 1110 3600 crederemus
1158 3528 1229 3591 in
1276 3542 1429 3590 eum
1489 3543 1509 3586 t
1557 3535 1714 3600 ergo
1767 3513 2024 3581 videtur
2079 3505 2256 3591 quod

706 3660 857 3708 cum
908 3638 1216 3723 sapientia
1271 3629 1562 3699 debuerit
1606 3624 1828 3694 venire
1848 3670 1867 3701 ,
1914 3636 2047 3683 non
2106 3632 2258 3680 cum

706 3748 1098 3834 ignorantia.

786 3854 970 3932 Item,
996 3851 1106 3914 illa
1131 3846 1349 3933 anima
1395 3859 1527 3907 non
1562 3836 1767 3921 potuit
1794 3832 1967 3899 uniri
2010 3826 2248 3904 Verbo,

710 3963 871 4047 quin
900 3963 1060 4026 esset
1087 3952 1412 4022 deiformis
1467 3973 1483 4014 ε
1537 3946 1645 4012 sed
1674 3941 2066 4009 deiformitas
2096 3923 2259 4000 tollit

714 4069 1165 4137 obscuritatem
1192 4055 1579 4143 ignorantiae
1600 4067 1795 4133 :ergo
1818 4046 2072 4115 videtur
2091 4038 2266 4124 quod

718 4171 1102 4258 impossibile
1128 4166 1320 4233 fuerit
1363 4160 1684 4227 Christum
1732 4149 2085 4219 secundum
2138 4145 2267 4209 hu-

721 4300 983 4349 manam
1004 4282 1303 4345 naturam
1329 4271 1647 4359 defectum
1675 4256 2064 4346 ignorantiae
2087 4253 2160 4319 in
2197 4268 2266 4315 se

723 4403 1071 4458 assumere.

1241 4548 1691 4624 CONCLUSIO.

731 4711 970 4770 Christus
1014 4704 1277 4773 defectum
1324 4694 1655 4769 ignorantias
1702 4703 1810 4744 non
1857 4683 2106 4748 habuit„
2134 4681 2267 4752 quia

800 4802 989 4858 anima
1021 4795 1132 4866 ejus
1167 4792 1351 4850 debuit
1395 4801 1498 4844 esse
1540 4782 1815 4850 deiformis
1837 4818 1856 4846 ,
1908 4778 1960 4831 et
2012 4776 2128 4845 ipse
2174 4784 2269 4827 nos

803 4890 1051 4947 doctums
1076 4888 1213 4943 erat.

815 5043 1001 5124 Resp.
1023 5038 1104 5104 ad
1129 5052 1270 5129 arg.
1299 5028 1650 5095 Dicendum
1677 5020 1848 5113 quod
1866 5067 1897 5115 θ,
1943 5016 2107 5082 sicut
2132 5011 2284 5077 dicit

740 5152 1038 5232 Magister
1080 5148 1150 5210 in
1172 5143 1415 5225 >⁸littera,
1454 5135 1741 5200 Christus
1762 5146 1893 5193 non
1915 5122 2145 5190 habuit
2167 5120 2279 5184 de-

745 5385 862 5431 nec
885 5365 1100 5447 ipsum
1113 5357 1395 5431 decebat,
1428 5369 1546 5416 nec
1557 5345 1744 5413 nobis
1769 5338 2163 5425 expediebat.
2185 5334 2283 5417 Ip—

819 5497 833 5527 ἱ
854 5494 872 5543 1
892 5455 1028 5551 Cor„
1043 5499 1081 5549 1,
1096 5477 1471 5540 meduana,
1487 5488 1573 5539 u,
1590 5469 1809 5535 ’Νη-(α)
1833 5467 1972 5519 Edit.
1996 5466 2113 5515 Ven.
2129 5460 2278 5528 quod.

1845 448 2467 522 SENTENTIARUM
2507 447 2655 513 LIB·
2702 445 2808 510 111.

2333 601 2479 649 sum
2508 600 2638 647 non
2693 580 2974 658 decebat,
3029 577 3185 662 quia
3225 578 3442 642 anima
3492 581 3633 662 ejus
3657 579 3890 644 debuit

2338 712 2471 759 esse
2498 690 2820 756 deiformis
2841 738 2862 769 ,
2891 707 2966 752 ac
2993 706 3107 770 per
3148 686 3273 751 hoc
3326 685 3563 768 repleta
3592 687 3753 767 ,luce
3781 706 3888 750 sa-

2336 801 2614 886 pientias,
2657 803 2721 863 et
2751 795 3127 862 rectitudine
3168 794 3472 876 ,iustitiae3
3523 794 3894 874 ignorantia

2338 914 2555 974 autem
2611 906 2882 989 privatio
2927 908 3021 967 est
3047 902 3353 980 scientiae,
3398 907 3463 966 et
3503 905 3705 984 potest
3746 919 3887 965 esse

2339 1016 2444 1082 via
2473 1016 2540 1079 in
2578 1030 2886 1091 errorem,
2923 1014 2987 1074 et
3031 1009 3531 1091 obliquationem
3555 1029 3594 1071 a
3620 1009 3894 1074 rectitu-

2338 1124 2486 1189 dine
2521 1120 2810 1204 justitiae,
2841 1137 2915 1183 ac
2966 1135 3079 1200 per
3125 1118 3245 1181 hoc
3276 1116 3521 1181 Christo
3550 1136 3682 1180 non
3709 1135 3893 1180 com-

2341 1230 2612 1313 petebat.
2643 1225 2838 1291 Nobis
2884 1225 3080 1290 etiam
3123 1243 3252 1287 non
3301 1223 3694 1306 expediebat,
3725 1240 3896 1305 quos

2341 1340 2603 1404 venerat
2629 1334 2940 1399 redimere
2960 1337 3021 1396 et
3049 1332 3347 1414 dirigere.
3379 1331 3448 1395 Si
3482 1331 3654 1395 enim
3680 1329 3899 1395 defec-

2342 1450 2483 1510 tum
2526 1442 2908 1525 ignorantiae
2964 1440 3332 1517 habuisset,
3404 1456 3524 1506 nos
3579 1438 3899 1503 redimere

2344 1552 2710 1618 nescivisset
2730 1573 2748 1628 ;
2786 1549 3064 1629 dirigere
3088 1547 3281 1613 etiam
3303 1546 3689 1626 nescivisset,
3708 1546 3902 1628 quia¹

2343 1663 2407 1728 si
2433 1676 2632 1727 coecus
2650 1674 2808 1725 coeco
2837 1656 3144 1723 ducatum
3165 1654 3467 1738 proebeat,
3493 1655 3672 1720 ambo
3700 1655 3773 1719 in
3804 1653 3904 1733 fo·

2345 1786 2528 1835 veam
2552 1767 2819 1834 cadunt.
2848 1765 2927 1829 Et
2944 1765 3088 1829 ideo
3106 1782 3224 1828 nec
3247 1763 3462 1844 ipsum
3476 1761 3756 1836 decebat,
3776 1777 3907 1823 nec

2347 1878 2530 1942 nobis
2552 1875 2948 1959 expediebat,
2984 1871 3156 1955 quod
3185 1870 3379 1934 talem
3426 1868 3740 1933 defectum
3790 1883 3908 1928 as-

2347 1989 2649 2050 sumeret.
2689 1978 3179 2047 Concedendum
3220 1981 3317 2042 est
3368 1993 3526 2059 ergo
3575 1974 3907 2039 Christum

2346 2096 2667 2160 defectum
2693 2089 3078 2173 ignorantias
3118 2102 3527 2169 nequaquam
3581 2083 3650 2146 in
3693 2100 3760 2145 se
3786 2086 3909 2149 ha-

2348 2204 2593 2281 buiaee;
2648 2206 2712 2267 et
2770 2200 3047 2265 rationes
3092 2197 3173 2263 ad
3215 2196 3339 2259 hoc
3392 2193 3694 2274 inductae,
3748 2202 3909 2262 sunt

2351 2307 2769 2374 concedendae
2782 2355 2799 2372 .

2433 2425 2463 2482 1
2478 2467 2494 2482 .
2527 2416 2627 2482 Ad
2655 2414 2814 2480 illud
2842 2431 2995 2480 vero
3022 2411 3195 2494 quod
3215 2409 3514 2492 objicitur
3537 2407 3614 2472 de
3637 2407 3907 2473 Damas-

2354 2546 2533 2605 ceno,
2559 2524 2730 2608 quod
2783 2519 3127 2603 assumpsit
3177 2521 3481 2582 naturam
3511 2515 3809 2581 servilem
3839 2522 3911 2582 et

2355 2635 2789 2716 ignorantem,
2821 2625 3166 2691 dicendum
3221 2622 3396 2705 quod
3447 2621 3819 2704 ignorantia
3843 2628 3914 2688 et

2356 2739 2668 2806 servilitas
2715 2753 2847 2801 non
2883 2730 3253 2799 attribuitur
3280 2733 3529 2793 naturae
3563 2733 3911 2812 assumptae

2355 2850 2602 2914 ratione
2639 2845 2813 2909 illius
2856 2838 3205 2923 singularis
3259 2840 3534 2915 naturae,
3590 2854 3743 2919 quae
3789 2836 3914 2900 fuit

2354 2955 2561 3024 Verbo
2593 2951 2884 3036 copulata
2941 2950 3010 3012 in
3065 2946 3376 3011 unitatem
3429 2960 3746 3025 personae,
3800 2942 3917 3006 sed

2359 3063 2675 3144 quantum
2703 3054 2784 3120 ad
2815 3053 2971 3118 alias
2994 3054 3257 3115 naturas
3283 3045 3648 3111 consimiles
3670 3045 3741 3108 in
3769 3061 3915 3127 spe-

2360 3170 2476 3249 cie,
2508 3166 2693 3251 quasi
2745 3165 2912 3230 dicat
2967 3184 2983 3226 ε
3031 3157 3396 3242 Assumpsit
3421 3159 3726 3220 naturam
3760 3173 3915 3219 nos-

2361 3283 2553 3354 tram,
2578 3292 2729 3359 quae
2755 3277 2850 3339 est
2862 3272 3204 3354 ignorans,
3253 3284 3389 3330 non
3413 3265 3486 3329 in
3510 3264 3779 3343 Christ0,
3799 3263 3917 3328 sed

2364 3387 2432 3451 in
2458 3385 2665 3449 nobis,

2444 3497 2506 3556 2.
2544 3491 2641 3555 Ad
2665 3487 2824 3553 illud
2850 3482 3195 3562 Ambrosii,
3222 3499 3353 3564 quo
3371 3480 3451 3562 (a)
3473 3479 3705 3543 dicitur
3717 3476 3926 3541 Chris-
4017 3508 4022 3512 ·

2366 3607 2507 3667 tum
2532 3600 2862 3680 ignorasse
2893 3592 3064 3677 quod
3126 3607 3256 3653 non
3304 3587 3544 3665 didicit,
3576 3585 3925 3650 dicendum

2368 3707 2541 3793 quod
2565 3704 2863 3789 quaedam
2896 3704 2992 3765 est
3022 3696 3290 3762 scientia
3315 3692 3616 3777 simplicis
3642 3690 3921 3768 notitiae,

2370 3815 2668 3900 quaedam
2697 3807 3128 3894 experientiae.
3144 3801 3524 3869 Ambrosius
3549 3804 3764 3865 autem
3784 3815 3926 3861 non

2370 3922 2657 4005 loquitur
2690 3920 2778 3982 ibi
2804 3918 2883 3982 de
2907 3912 3293 3998 ignorantia,
3323 3912 3517 3993 prout
3540 3905 3691 3971 dicit
3711 3905 3930 3988 priva-

2373 4032 2613 4097 tionem
2659 4031 2761 4110 cuj
2769 4044 2973 4109 usque
2999 4021 3301 4100 scientiae,
3328 4018 3439 4083 sed
3485 4017 3676 4100 prout
3704 4012 3931 4096 priva-

2375 4135 2617 4199 tionem
2643 4131 2796 4196 dicit
2820 4125 3254 4210 experientiae,
3285 4118 3641 4186 secundum
3665 4115 3836 4201 quod
3851 4114 3932 4178 in

2378 4237 2884 4326 praeoedentihus
2914 4233 3305 4299 declaratum
3331 4231 3448 4293 est.

2460 4352 2521 4414 3.
2555 4346 2652 4412 Ad
2677 4344 2837 4409 illud
2862 4340 3038 4426 quod
3064 4337 3363 4420 objicitur
3392 4334 3471 4399 de
3495 4330 3701 4397 Leone
3729 4328 3932 4412 Papa,

2388 4780 2800 4866 apparebant,
2824 4792 2957 4840 non
2978 4774 3293 4856 quantum
3315 4767 3398 4832 ad
3418 4784 3516 4844 ea,
3536 4781 3685 4847 quae
3704 4761 3940 4826 intrin-

2393 4908 2573 4956 secus
2624 4886 2942 4962 latebant,
2989 4898 3104 4963 per
3128 4895 3284 4962 quae
3327 4876 3394 4939 in
3427 4872 3647 4938 multis
3695 4871 3776 4936 ab
3796 4868 3943 4934 aliis

2391 4996 2739 5065 differebat.

2473 5114 2534 5172 4.
2563 5105 2659 5170 Ad
2684 5101 2839 5167 illud
2866 5098 3039 5183 quod
3083 5093 3378 5177 objicitur
3396 5137 3414 5169 ,
3448 5086 3623 5172 quod
3666 5085 3943 5152 scientia

2394 5217 2622 5299 infiat,
2643 5209 2983 5278 dicendum
3009 5202 3178 5289 quod
3208 5203 3303 5265 est
3344 5196 3520 5280 loqui
3563 5195 3642 5259 de
3684 5190 3946 5257 scientia

2398 5327 2591 5409 prout
2615 5325 2709 5386 est
2733 5319 2973 5400 absque
3013 5310 3337 5387 charitate,
3357 5309 3420 5370 et
3445 5321 3485 5368 a
3508 5302 3821 5368 charitate
3844 5298 3949 5362 di-

2401 5437 2558 5511 visa,
2590 5430 2690 5497 vel
2715 5432 2904 5512 prout
2930 5427 3025 5488 est
3037 5417 3325 5487 charitati
3348 5414 3494 5494 conj
3504 5416 3716 5475 uncta.
3740 5407 3946 5472 Prout
