4185 6288
1309 467 1506 535 nls‘r.
1548 465 1732 534 XXV.
1776 461 1962 532 ART.
2004 463 2055 530 1.
2099 461 2402 542 QUAEST.
2445 464 2495 529 1.

302 600 476 684 quod
517 600 671 667 dicit
712 601 927 668 Glossa
956 624 972 668 t
1011 626 1044 665 ι
1071 598 1215 669 Non
1262 604 1412 682 fide,
1456 603 1566 669 sed
1615 603 1845 686 pietate

299 708 615 777 dubitavit
648 733 663 774 :
694 733 739 772 n·
761 716 825 776 et
848 711 938 777 sic
962 715 1138 796 patet
1159 711 1331 795 quod
1358 711 1537 777 nulla
1563 715 1658 776 est
1684 729 1845 776 con-

300 817 589 881 trarietas
620 818 786 883 inter
814 820 1218 885 auctoritates
1244 819 1629 903 praemissas.

932 1028 1071 1075 DUB.
1108 1029 1201 1077 IV.

298 1143 477 1210 Fides,
522 1158 666 1210 spes,
705 1146 953 1212 charitas,
994 1152 1045 1199 et
1076 1147 1305 1213 operatio
1341 1148 1624 1200 secundum
1659 1147 1847 1214 aliquid

887 1220 1104 1285 oequalia
1129 1223 1264 1272 sunt.

381 1376 659 1442 Contra:
689 1378 1019 1462 Contingit
1067 1380 1361 1463 aliquem
1382 1381 1618 1446 habere
1663 1380 1848 1445 habi-

300 1486 409 1549 tus
450 1485 768 1551 virtutum
781 1535 803 1566 ,
851 1492 915 1551 et
961 1505 1092 1553 non
1140 1488 1571 1571 operationem
1622 1510 1638 1552 :
1688 1505 1846 1569 ergo

300 1609 434 1655 non
481 1591 735 1657 videtur
794 1594 966 1675 quod
1024 1595 1304 1677 operatio
1350 1599 1643 1677 aequetur
1691 1596 1847 1677 ipsis

301 1697 648 1763 habitibus.
679 1699 835 1765 Item
859 1700 877 1735 ²
909 1721 926 1764 t
960 1700 1043 1769 Si
1066 1701 1339 1768 habuero
1367 1701 1600 1782 fidem,
1633 1703 1736 1768 ita
1773 1707 1848 1768 ut

299 1811 544 1873 montes
578 1810 963 1889 transferam
979 1857 997 1888 ,
1048 1809 1424 1876 charitatem
1471 1815 1680 1876 autem
1715 1825 1846 1876 non

297 1911 584 1991 habeam,
611 1917 731 1978 etc.
763 1914 938 1997 Ergo
965 1916 1219 1982 videtur
1246 1915 1420 1998 quod
1451 1916 1683 1999 aliquis
1706 1934 1846 1999 pos-

298 2020 381 2082 sit
405 2020 639 2085 habere
663 2039 975 2103 magnam
1010 2024 1202 2088 fidem
1222 2072 1241 2103 ,
1270 2023 1359 2086 ita
1397 2024 1567 2106 quod
1597 2022 1843 2087 nullam

298 2124 530 2192 babeat
555 2127 950 2194 charitatem.

379 2232 562 2317 Resp.
593 2234 944 2300 Dicendum
977 2236 1257 2301 breviter
1271 2285 1288 2316 ,
1330 2236 1508 2321 quod
1539 2236 1648 2301 illa
1674 2255 1845 2321 qua-

298 2343 449 2406 tuor
485 2341 759 2425 aequalia
792 2347 963 2422 sunt,
1005 2344 1360 2432 secundum
1399 2345 1569 2428 quod
1616 2346 1846 2409 dicitur

297 2466 491 2531 super
559 2449 718 2515 illud
740 2451 792 2531 ²,
845 2452 1018 2535 quod
1073 2452 1272 2518 latera
1337 2454 1609 2520 civitatis
1665 2459 1847 2519 erant

299 2556 593 2637 aequalia.
627 2557 868 2623 Dicitur
893 2559 1069 2625 enim
1096 2560 1186 2624 ibi
1201 2609 1219 2639 ‚
1249 2562 1422 2644 quod
1461 2562 1661 2625 latera
1694 2561 1845 2628 civi-

297 2661 444 2725 tatis
475 2669 627 2729 sunt
648 2664 804 2730 fides
825 2715 843 2746 ,
874 2672 936 2731 et
962 2685 1136 2749 spes,
1167 2672 1232 2731 et
1262 2669 1540 2733 charitas
1549 2716 1571 2749 ‚
1602 2675 1669 2733 et
1691 2688 1842 2751 ope-

297 2769 483 2833 ratio.
516 2769 602 2834 De
644 2772 831 2837 modo
875 2777 1090 2839 autem
1130 2775 1511 2858 aequalitatis
1561 2778 1845 2858 ipsarum

298 2877 618 2943 virtutum
643 2879 887 2945 dicetur
908 2881 1075 2946 infra
1097 2884 1371 2966 planiuS‚
1396 2884 1506 2948 ubi
1529 2891 1623 2947 est
1643 2902 1847 2966 quaes-

299 2983 391 3048 tio
435 2989 499 3049 et
539 3004 751 3051 sermo
795 2988 1105 3071 specialis,
1156 2990 1253 3054 Ad
1299 3009 1582 3072 praesens
1629 2997 1845 3057 autem

298 3094 550 3158 tantum
590 3093 828 3160 dixisse
870 3096 1127 3175 sufficit,
1172 3098 1345 3181 quod
1384 3099 1527 3163 haec
1569 3103 1847 3182 quatuor

299 3204 452 3263 sunt
475 3201 752 3284 aequalia
778 3203 1131 3269 secundum
1161 3205 1478 3270 rationem
1520 3206 1841 3286 merendi,
1870 3206 1880 3219 ‘

299 3308 555 3389 quando
584 3312 745 3401 sunt·
757 3309 1093 3376 informata
1116 3313 1345 3393 gratia.
1369 3311 1648 3378 Tantum
1671 3314 1845 3378 enim

297 3414 437 3507 ipsa
496 3415 769 3481 charitas
826 3422 922 3481 est
975 3419 1305 3483 meritoria
1353 3419 1425 3483 in
1477 3438 1595 3485 suo
1655 3425 1802 3485 actu
1824 3469 1843 3501 ,

296 3526 616 3604 quantum
658 3529 723 3588 et
748 3524 908 3590 fides
935 3525 1007 3590 in
1049 3545 1181 3591 uno
1215 3532 1277 3592 et
1303 3528 1521 3592 eodem
1551 3528 1841 3593 homine.

297 3626 602 3695 Similiter
648 3634 900 3696 tantum
949 3635 1237 3699 meretur
1282 3636 1565 3719 operatio
1632 3653 1848 3720 proce-

299 3736 458 3800 dens
487 3738 568 3802 ab
611 3738 868 3819 habitu,
898 3745 1216 3821 quantum
1254 3741 1457 3825 placet
1483 3742 1619 3826 ipse
1661 3743 1846 3808 habi-

300 3847 430 3907 tus.
457 3844 619 3922 Quia
644 3846 818 3910 enim
846 3865 982 3911 una
1009 3851 1104 3912 est
1127 3853 1385 3930 gratum
1413 3850 1670 3929 faciem,
1696 3867 1846 3933 quae

303 3952 452 4016 facit
502 3955 787 4019 animam
841 3955 969 4020 Deo
1016 3956 1263 4039 placere
1308 3976 1422 4040 per
1478 3957 1735 4023 habitus
1786 3962 1850 4023 et

302 4061 724 4143 operationes,
755 4062 909 4126 hinc
952 4068 1046 4127 est
1082 4063 1257 4147 quod
1297 4082 1553 4129 necesse
1596 4070 1692 4129 est
1729 4065 1850 4131 ista

303 4174 580 4250 quatuor
615 4187 752 4234 esse
795 4170 1068 4253 aequalia
1098 4171 1454 4236 secundum
1484 4171 1714 4236 dictam
1750 4192 1851 4237 ac-

303 4276 660 4357 ceptionem
674 4325 696 4356 ,
727 4296 801 4341 ac
828 4295 941 4361 per
968 4279 1089 4359 hoc
1123 4278 1475 4343 secundum
1504 4280 1848 4345 efficaciam

304 4383 617 4448 merendi.
660 4383 760 4447 Ad
784 4384 944 4450 illud
979 4386 1149 4469 quod
1177 4385 1501 4467 objicitur,
1531 4388 1701 4469 quod
1725 4388 1850 4453 ha-

302 4489 482 4555 bitus
519 4494 783 4573 possunt
820 4510 957 4557 esse
988 4492 1123 4556 sine
1150 4493 1480 4575 operibus,
1512 4494 1850 4560 dicendum

303 4596 481 4678 quod
526 4614 659 4662 non
702 4583 1085 4664 assimilatur
1129 4599 1235 4664 hic
1291 4600 1623 4683 aequalitas
1671 4601 1850 4666 habi·

302 4707 500 4769 tuum
527 4705 608 4770 ad
629 4708 1026 4790 operationes
1054 4707 1123 4773 in
1148 4708 1447 4773 omnihus
1468 4758 1487 4789 ,
1515 4710 1626 4775 sed
1653 4711 1724 4776 in
1749 4710 1852 4775 his

302 4830 457 4897 quae
480 4813 719 4879 habent
743 4816 999 4881 habitus
1029 4815 1224 4880 simul
1251 4834 1401 4882 cum
1437 4817 1591 4901 ipsis
1625 4836 1852 4901 opera-

260 4986 266 4990 .
301 4920 592 4987 tionibus
645 4922 727 4986 ah
777 4923 931 5006 ipsis
992 4924 1488 5005 egredientibus.
1538 4924 1851 4990 Praeterea

302 5045 444 5095 non
470 5029 770 5110 intelligit
801 5031 893 5107 de,
907 5032 1380 5115 operationibus
1404 5032 1846 5113 exterioribus3

302 5134 444 5201 imo
468 5135 547 5201 de
573 5137 1055 5218 operationibus
1072 5138 1503 5219 interioribus,
1529 5156 1676 5222 quae
1704 5155 1850 5203 con-

368 5263 1849 5329 ¹1cor„zm‚2.—²Ezec12.,x1.n1,ia-walex.

293 5335 537 5399 Alensis,
561 5348 616 5398 p.
637 5335 725 5398 ΙΙΙ,
743 5347 794 5399 q.
815 5346 960 5398 mx,
980 5336 1171 5385 memb.
1189 5336 1253 5398 33
1280 5340 1331 5387 et
1354 5336 1516 5397 Cant„
1544 5350 1598 5401 p.
1628 5338 1716 5400 111,
1733 5339 1849 5390 coll.

3382 467 3500 530 543

1953 600 2187 665 sistunt
2213 599 2286 664 in
2312 603 2493 667 motu
2518 604 2582 664 et
2608 616 2731 664 usu
2773 598 2958 664 liberi
2985 596 3253 662 arbitrii.
3286 598 3367 663 Et
3393 598 3500 664 ille

1953 707 2214 792 quidem
2238 726 2396 772 usus
2421 709 2768 772 bonitatem
2803 705 2995 772 habet
3018 708 3208 789 juxta
3234 724 3495 772 mensu-

1953 830 2096 879 ram
2148 814 2409 878 habitus
2457 814 2716 879 virtutis
2760 813 3062 895 gratuitae
3105 835 3121 877 ε
3171 813 3280 877 illa
3325 814 3498 878 enim

1953 921 2273 1004 praecipue
2299 925 2394 984 est
2417 939 2564 1003 quae
2591 921 2932 988 habentem
2957 920 3223 1002 perficit,
3245 925 3309 984 et
3335 938 3500 1002 opus

1953 1029 2096 1110 ejus
2118 1029 2366 1093 bonum
2394 1028 2619 1092 reddit.
2650 1028 2749 1091 Ad
2775 1027 2935 1091 illud
2964 1027 3136 1109 quod
3163 1027 3494 1110 objicitur,

1954 1134 2125 1217 quod
2151 1152 2389 1216 magna
2413 1134 2570 1199 fides
2594 1138 2798 1218 potest
2823 1133 3044 1199 haberi
3065 1134 3202 1199 sine
3230 1135 3500 1200 charita-

1954 1244 2016 1305 te
2034 1289 2053 1320 ,
2101 1241 2441 1306 dicendum
2490 1242 2658 1326 quod
2706 1241 3048 1325 Apostolus
3087 1241 3176 1305 ibi
3218 1241 3500 1325 loquitur

1954 1351 2032 1414 de
2057 1350 2183 1414 fide
2209 1351 2466 1417 informi
2497 1375 2513 1417 :
2552 1353 2660 1417 sed
2686 1352 2894 1416 littera
2920 1351 3043 1416 ista
3079 1351 3356 1433 intelligi
3383 1337 3520 1416 ha-'

1956 1456 2062 1521 bet
2105 1458 2185 1522 de
2225 1459 2351 1524 fide
2389 1460 2681 1524 formata.
2714 1458 2792 1524 Et
2817 1460 2936 1523 ista
2972 1459 3289 1523 sufficiant
3331 1460 3500 1524 circa

1952 1563 2230 1628 litteram
2258 1613 2274 1643 ‚
2325 1585 2479 1631 nam
2518 1566 2658 1646 illa,
2709 1586 2856 1650 quae
2900 1568 3379 1649 praemittuntur
3421 1567 3498 1631 de

1954 1671 2079 1736 ssde
2101 1670 2397 1754 Cornelii,
2428 1675 2581 1738 satis
2605 1679 2757 1740 sunt
2782 1673 2993 1757 plana,
3018 1679 3136 1739 etc.

2369 1856 2925 1926 ARTICULUS
2979 1858 3035 1925 I.

2031 2026 2130 2091 Ad
2155 2026 2635 2109 intelligentiam
2664 2025 2776 2108 huj
2786 2045 2863 2089 us
2890 2026 3107 2108 partiS,
3140 2024 3494 2089 secundum

1952 2148 2028 2196 ea
2067 2150 2216 2215 quae
2244 2132 2545 2214 Magister
2571 2132 2813 2215 tangit,
2844 2132 3066 2196 incidit
3099 2131 3204 2195 hic
3230 2133 3498 2214 quaestio

1951 2238 2120 2303 circa
2162 2238 2291 2304 duo
2340 2262 2356 2302 ε
2405 2240 2612 2322 primo
2642 2238 2958 2322 quaeritur
3001 2237 3078 2302 de
3121 2238 3268 2302 fidei
3315 2240 3498 2302 suffi-

1952 2345 2220 2424 cientia3
2253 2347 2528 2411 secundo
2555 2346 2869 2429 quaeritur
2889 2345 2968 2409 de
2995 2345 3143 2411 fidei
3182 2346 3489 2429 profectu.

1954 2452 2129 2516 Circa
2157 2452 2439 2535 primum
2465 2457 2848 2536 quaeruntur
2874 2453 2998 2517 tria
3035 2473 3051 2515 ε
3086 2453 3295 2536 primo
3321 2470 3497 2535 quae·

1950 2560 2118 2623 ritur
2141 2560 2219 2625 de
2244 2560 2393 2625 fidei
2428 2561 2804 2626 sufficientia
2839 2564 3159 2645 quantum
3186 2560 3267 2625 ad
3293 2563 3494 2625 conti-

1953 2667 2242 2732 nentiam
2270 2667 2558 2751 Symboli
2582 2668 2929 2752 apostolici;
2960 2668 3238 2734 secundo
3264 2669 3497 2752 quaeri-

1953 2779 2060 2839 tur
2085 2775 2165 2839 de
2190 2775 2565 2841 sufficientia
2590 2778 2645 2858 ej
2653 2775 2875 2839 usdem
2903 2779 3219 2858 quantum
3259 2775 3339 2840 ad
3375 2793 3495 2840 no·-

1953 2883 2161 2947 titiam
2196 2901 2444 2961 eorum,
2497 2883 2610 2966 qui
2654 2887 3111 2965 praecesserunt
3146 2883 3497 2947 adventum

1955 2987 2183 3054 Christi
2205 3008 2222 3068 3
2247 2991 2434 3054 tertio
2460 2992 2776 3073 quaeritur
2800 2990 2876 3054 de
2916 2979 3296 3053 sufficientia
3321 2993 3497 3074 ejus-

1953 3095 2102 3160 dem
2145 3100 2461 3180 quantum
2506 3098 2585 3163 ad
2616 3097 2788 3175 11108,
2818 3097 2931 3180 qui
2964 3099 3104 3181 ejus
3147 3098 3496 3163 adventum

1953 3198 2216 3267 fuerunt
2239 3202 2461 3269 secuti.

2515 3415 2870 3495 QUAESTIO
2914 3416 2961 3482 l.

2029 3586 2124 3643 An
2167 3588 2352 3644 omnia
2383 3602 2503 3658 quoe
2537 3589 2601 3644 in
2627 3587 2873 3660 symbolo
2910 3590 3271 3664 continentur,
3294 3597 3407 3650 sint
3430 3597 3507 3653 ad

2416 3677 2649 3733 salutem
2678 3679 2974 3735 necessaria
3000 3678 3042 3732 ⁸.

2038 3845 2124 3910 De
2151 3843 2529 3909 sufficientia
2554 3845 2700 3910 fidei
2728 3849 3041 3929 quantum
3065 3847 3146 3912 ad
3171 3850 3500 3914 continen-
3529 3875 3723 3920 Fundam

1958 3953 2114 4017 tiam
2167 3951 2453 4036 Symboli
2501 3952 2865 4036 Apostolici,
2914 3960 3134 4019 utrum
3186 3958 3501 4023 sufficien-

1958 4062 2057 4124 ter
2091 4059 2535 4123 contineantur
2577 4059 2668 4122 ibi
2708 4062 2958 4140 omnia,
3007 4081 3154 4145 quae
3194 4068 3526 4148 opportu—‘

1959 4184 2120 4231 num
2166 4170 2261 4232 est
2303 4166 2557 4231 credere
2603 4166 2683 4232 ad
2724 4167 2991 4232 salutem
3022 4192 3041 4249 3
3074 4175 3137 4234 et
3162 4171 3335 4253 quod
3378 4174 3498 4252 sic,

1959 4276 2214 4340 videtur
2263 4274 2472 4358 primo
2514 4291 2629 4357 per
2669 4275 2868 4339 verba
2905 4273 3184 4341 Cassiani
3222 4278 3314 4345 ad
3355 4282 3505 4346 Leo-

1958 4399 2105 4449 nem
2134 4382 2397 4465 Papam,
2429 4381 2593 4447 libro
2621 4386 2802 4447 sexto
2820 4387 2844 4423 '⁰
2875 4404 2892 4447 ι
2935 4407 2966 4445 α
2996 4383 3378 4467 Symbolum
3404 4387 3504 4452 la-

1958 4491 2091 4557 tine
2118 4489 2260 4553 ideo
2289 4488 2570 4553 collectio
2611 4489 2983 4554 nominatur
2998 4538 3018 4569 ‚
3057 4492 3211 4574 quia
3249 4492 3505 4559 collecta

1959 4597 2028 4661 in
2048 4613 2259 4661 unum
2285 4595 2366 4659 ab
2391 4596 2691 4680 apostolis
2716 4596 2970 4663 Domini
2998 4600 3193 4663 totius
3231 4600 3502 4665 catholi-

1961 4719 2054 4767 cae
2079 4702 2244 4783 legis
2270 4702 2417 4782 fide,
2447 4704 2756 4786 quidquid
2782 4723 2898 4787 per
2931 4707 3310 4791 universum
3336 4708 3505 4773 divi-

1959 4830 2196 4879 norum
2223 4813 2628 4881 voluminum
2657 4832 2888 4899 corpus
2920 4817 3235 4883 immensa
3265 4819 3502 4886 diffun-

1959 4920 2133 4985 ditur
2172 4919 2354 5003 copia
2373 4968 2392 5000 ,
2443 4923 2651 4985 totum
2675 4922 2744 4986 in
2777 4925 3046 5007 symboli
3072 4926 3154 5007 (a)
3184 4925 3504 5009 colligitur

1958 5026 2264 5092 brevitate
2290 5027 2586 5110 perfecta.
2606 5050 2637 5088 n

2044 5134 2202 5199 Item
2244 5133 2367 5199 hoc
2401 5134 2616 5217 ipsum
2656 5137 3012 5205 ostenditur
3049 5141 3322 5223 ratione,
3352 5163 3507 5228 quo-

1962 5263 2222 5329 Ricbard„
2246 5263 2497 5318 liment..
2523 5264 2638 5316 dist.
2664 5278 2787 5329 xxv,
2815 5273 2914 5323 art.
2934 5274 2983 5332 2,
3004 5285 3057 5336 q.
3080 5283 3130 5335 13
3155 5272 3249 5324 Th.
3275 5276 3503 5343 argent..

1966 5338 2029 5387 11
2067 5337 2225 5396 Sene
2255 5337 2373 5387 dist.
2407 5347 2531 5402 xxv,
2550 5351 2603 5402 q.
2626 5342 2775 5402 1,.art
2797 5344 2862 5404 ις
2887 5341 3040 5393 Gabr.
3073 5342 3220 5407 Βίοι.,
3252 5345 3318 5396 111
3343 5346 3505 5414 Sene

289 5406 1194 5473 xmn,art.1et23.SThomas,
1236 5407 1546 5472 ll·,.llq1‚
1585 5411 1856 5474 art-83et
1963 5408 2466 5474 disthxquw-
2404 5408 2793 5475 -50188183.,
2819 5377 3349 5480 d’elnoam.‚1ib.vl.

294 5480 562 5542 luserat..
592 5475 865 5543 disum,
892 5481 1197 5544 q.1,.3⁸rt2
1218 5478 1585 5543 etopmc.111,
1608 5494 1657 5530 c.
1683 5492 1847 5547 ωινς

2024 5480 2097 5546 (α)
2117 5479 2203 5532 Λι.
2227 5479 2486 5544 symbolo.
