4185 6288
787 487 904 550 372

788 638 901 703 per
929 635 1205 701 quarum
1232 615 1581 698 quamlibet
1616 616 1685 678 in
1713 618 1926 679 actum
1954 614 2031 696 (α)
2067 612 2325 678 volendi

788 726 1021 791 exibat.
1050 724 1130 789 Et
1153 724 1243 788 sic
1270 723 1492 787 dividit
1545 721 1847 804 Magister
1876 720 1947 786 in
1980 722 2188 785 littera
2214 738 2328 803 per

788 834 911 897 tria
939 831 1244 909 membra,
1304 830 1391 893 ita
1417 830 1590 912 quod
1633 830 1742 894 illa
1780 829 1903 892 tria
1943 828 2184 892 habent
2225 845 2326 891 re·-

790 940 935 1004 duci
990 940 1071 1004 ad
1120 939 1467 1004 divisiones
1521 937 1679 1000 duas
1730 935 2141 1011 bimembreS,
2181 951 2329 1016 quae

792 1052 942 1112 sunt
968 1067 1081 1131 per
1127 1046 1510 1112 differentias
1554 1044 1983 1121 immediataS,
2017 1043 2171 1125 quia
2221 1059 2330 1106 vo-

791 1156 1005 1221 luntas
1047 1155 1116 1218 in
1167 1153 1412 1218 Christo
1461 1152 1581 1216 fuit
1626 1155 1740 1215 aut
1775 1150 2013 1229 divina,
2062 1152 2177 1214 aut
2204 1148 2333 1213 hu-

794 1281 985 1326 mana
1016 1284 1030 1326 z
1064 1265 1127 1324 et
1152 1262 1205 1324 si
1233 1260 1540 1337 humana,
1573 1262 1686 1321 aut
1715 1274 1986 1339 sequens
2014 1255 2329 1337 cognitio-

794 1371 946 1434 nem
991 1369 1383 1447 sensitivam,
1438 1371 1550 1430 aut
1594 1382 1867 1448 sequens
1897 1363 2332 1445 cognitionem

796 1474 1248 1540 intellectivam
1302 1496 1315 1537 :
1348 1479 1411 1538 et
1449 1473 1541 1536 sic
1568 1477 1740 1557 patet
1763 1471 2137 1536 sufficientia
2162 1489 2335 1554 prae-

798 1583 981 1647 dictae
1003 1582 1326 1647 divisionis
1355 1583 1420 1645 in
1448 1583 1571 1645 tria
1595 1580 1907 1645 membra.
1938 1579 2058 1643 Per
2075 1596 2337 1660 compa-

799 1691 1109 1753 rationem
1166 1694 1383 1753 autem
1435 1688 1779 1753 voluntatis
1805 1686 1885 1750 ad
1921 1686 2190 1751 modum
2219 1702 2338 1751 vo-

800 1795 997 1874 lendi,
1023 1795 1211 1859 habet
1239 1795 1646 1876 multiplicari
1674 1794 1969 1859 voluntas
1997 1792 2062 1855 in
2090 1790 2338 1855 Christo

801 1902 1109 1969 divisione
1146 1901 1644 1984 quadrimembri
1676 1923 1690 1965 :
1722 1905 1783 1964 et
1805 1901 1894 1964 sic
1920 1898 2341 1964 consideravit

804 2009 995 2091 Hugo
1044 2007 1436 2074 voluntatem
1491 2007 1759 2087 Christi,
1813 2025 1963 2070 cum
2019 2024 2163 2070 eam
2227 2024 2341 2088 per

804 2121 1078 2197 quatuor
1103 2116 1388 2180 membra
1414 2115 1659 2193 divisit;
1692 2114 1782 2178 ait
1803 2113 1978 2177 enim
2011 2115 2101 2176 sic
2158 2133 2174 2176 z
2215 2136 2246 2173 α
2271 2111 2345 2174 ln

806 2221 1050 2286 Christo
1074 2222 1197 2286 fuit
1220 2223 1516 2288 voluntas
1543 2222 1888 2287 divinitatis
1906 2270 1926 2301 ‚
1956 2224 2019 2285 et
2046 2221 2345 2285 voluntas

806 2329 1090 2408 rationiS,
1140 2332 1205 2393 et
1256 2331 1551 2394 voluntas
1606 2330 1877 2412 pietatiS,
1932 2334 1996 2394 et
2040 2329 2338 2392 voluntas

808 2436 1036 2500 carnis.
1084 2434 1395 2500 Voluntas
1463 2436 1809 2501 divinitatis
1866 2454 1980 2519 per
2029 2435 2346 2517 justitiam

808 2543 1183 2607 sententiam
1212 2525 1507 2606 dictabat.
1537 2541 1843 2606 Voluntas
1882 2541 2211 2607 rationalis
2235 2560 2347 2623 per

810 2650 1233 2715 obedientiam
1261 2651 1592 2713 veritatem
1607 2650 2019 2732 approbabat.
2040 2647 2348 2713 Voluntas

807 2759 1057 2842 pietatis
1101 2779 1214 2843 per
1264 2761 1763 2843 compassionem
1811 2761 1880 2825 in
1939 2760 2107 2824 malo
2146 2760 2349 2823 alieno

808 2867 1180 2949 suspirabat.
1211 2866 1513 2932 Voluntas
1530 2868 1737 2932 carnis
1761 2885 1873 2949 per
1900 2861 2259 2949 passionem
2280 2865 2350 2928 in

812 2974 979 3037 malo
996 2976 1252 3056 proprio
1276 2976 1791 3040 murmurabat.»
1815 2974 1893 3037 Et
1906 2975 1995 3037 sic
2018 2977 2208 3056 patet,
2238 2990 2352 3055 per

810 3080 1091 3146 diversos
1111 3081 1329 3147 modos
1350 3081 1692 3161 dividendi,
1718 3083 2127 3147 voluntatum
2146 3079 2349 3143 Chris-

809 3188 857 3252 ti
885 3208 1191 3253 numerus
1225 3195 1289 3254 et
1333 3192 1710 3255 sufficientia
1755 3191 1955 3273 :quia
2001 3190 2353 3254 secundum

811 3296 1092 3361 diversas
1139 3297 1668 3362 considerationes
1727 3296 2136 3380 multiplicari
2164 3296 2356 3359 habet

814 3404 1001 3467 modo
1047 3403 1361 3468 divisione
1393 3404 1756 3484 bimembri,
1808 3404 1997 3468 modo
2040 3400 2354 3467 divisione

812 3511 1191 3591 trimembri,
1247 3513 1436 3577 modo
1477 3512 1783 3577 divisione
1828 3506 2352 3594 quadrimembri,

813 3617 950 3682 sine
977 3617 1190 3700 aliqua
1219 3621 1645 3701 repugnantia
1694 3642 1707 3681 :
1751 3623 1816 3682 ct
1839 3637 1954 3702 per
1979 3618 2123 3682 haec
2148 3615 2355 3681 mani-

812 3726 968 3790 festa
999 3730 1092 3791 est
1127 3728 1451 3810 responsio
1502 3728 1581 3791 ad
1609 3728 1877 3809 objecta,
1908 3725 2231 3808 praecipue
2278 3723 2358 3787 ad

815 3834 1256 3921 auctoritatem
1284 3833 1602 3915 Hugonis‚
1649 3838 1709 3896 et
1739 3833 2130 3897 Damasceni.

896 3947 956 4005 2.
987 3941 1086 4005 Ad
1126 3941 1285 4006 illud
1322 3941 1493 4024 quod
1536 3940 1831 4022 objicitur
1875 3939 1953 4003 de
1982 3939 2176 4005 verbo
2206 3936 2362 4001 Phi-

814 4049 1096 4132 losophi,
1127 4050 1297 4131 quod
1324 4048 1620 4113 voluntas
1645 4048 1835 4111 estin
1861 4047 1995 4111 sola
2029 4044 2358 4125 rationali,

816 4156 1157 4221 dicendum
1194 4157 1366 4240 quod
1412 4155 1831 4252 Philosophus
1856 4154 2088 4238 accipit
2126 4153 2357 4219 volun-

817 4269 1012 4329 tatem
1052 4268 1262 4330 stricte
1275 4313 1293 4342 ,
1324 4264 1613 4329 videlicet
1640 4283 1755 4348 pro
1783 4264 2064 4346 appetitu
2104 4261 2360 4328 ratioci-

820 4373 1041 4438 nativo
1070 4394 1085 4437 ε
1120 4372 1422 4455 Magister
1458 4378 1674 4435 autem
1707 4375 1769 4435 et
1796 4370 2007 4435 Sancti
2047 4369 2365 4452 accipiunt

824 4480 1222 4547 voluntatem
1263 4480 1443 4561 large
1469 4479 1550 4543 ad
1576 4496 1834 4543 omnem
1869 4478 2231 4545 humanum
2263 4476 2362 4539 af-

821 4587 1081 4667 fectum,
1112 4588 1247 4652 sive
1273 4587 1568 4670 procedat
1593 4604 1677 4651 ex
1700 4586 1963 4661 ratione,
1991 4583 2126 4649 sive
2154 4600 2365 4667 proce-

821 4693 930 4758 dat
957 4712 1039 4757 ex
1065 4711 1278 4757 sensu.

904 4805 963 4866 3.
1015 4801 1114 4865 Ad
1153 4801 1309 4866 illud
1360 4801 1531 4883 quod
1579 4799 1907 4882 obiicitur,
1958 4798 2130 4880 quod
2173 4815 2366 4881 penes

824 4908 1217 4973 voluntatem
1261 4887 1605 4971 attenditur
1651 4906 1928 4969 liberum
1985 4904 2323 4968 arbitrium
2342 4952 2362 4984 ,

824 5016 1135 5080 consimili
1192 5015 1380 5079 modo
1434 5012 1943 5095 respondendum
2004 5016 2136 5091 est,
2196 5011 2366 5093 quod

824 5121 946 5186 hoc
972 5122 1355 5203 intelligitur
1384 5121 1460 5184 de
1490 5120 1813 5186 voluntate
1861 5118 2114 5201 proprie
2150 5117 2316 5181 dicta
2345 5140 2361 5181 :

825 5232 889 5291 et
914 5227 1006 5291 sic
1033 5246 1265 5291 verum
1295 5230 1389 5290 est
1415 5226 1584 5310 quod
1613 5227 1680 5289 in
1708 5225 1951 5290 Christo
1998 5243 2132 5291 non
2177 5225 2370 5289 habet

892 5389 912 5426 ¹
939 5392 1172 5456 August„
1197 5389 1258 5440 de
1284 5389 1439 5453 stin„
1458 5387 1548 5438 lib.
1572 5389 1654 5443 tx.
1684 5389 1989 5451 pertotum;
2019 5386 2109 5437 lib.
2138 5387 2225 5449 XI,
2251 5401 2295 5437 c.
2326 5396 2368 5437 11

828 5463 880 5511 et
904 5475 1013 5525 seq.
1029 5478 1047 5526 ;
1078 5462 1164 5514 lib.
1197 5463 1265 5524 ll,
1289 5476 1334 5511 c.
1362 5472 1456 5510 ιιι.

1886 475 2513 545 SENTENTIARUM
2562 475 2709 544 LIB.
2755 475 2865 542 111.

2434 612 2556 676 nisi
2582 612 2740 677 duas
2782 609 3189 676 differentias.
3218 611 3517 695 Magister
3553 615 3774 677 autem
3809 614 3976 678 acci-

2436 720 2529 803 pit
2553 737 2786 784 nomen
2812 718 3161 784 voluntatis
3187 737 3303 801 pro
3330 719 3631 801 appetitu.

2515 830 2577 890 4.
2608 825 2706 890 Ad
2734 825 2892 890 illud
2916 824 3090 908 quod
3118 825 3447 908 objicitur,
3477 823 3649 906 quod
3684 823 3984 889 voluntas

2437 933 2846 1015 consequitur
2888 935 3216 1011 naturam,
3269 930 3607 996 dicendum
3647 932 3820 1015 quod
3858 950 3984 996 vo-

2437 1038 2649 1104 luntas
2692 1040 3103 1123 consequitur
3134 1042 3465 1117 naturam,
3503 1037 3667 1101 sicut
3705 1038 3987 1120 potentia

2440 1147 2852 1229 consequitur
2904 1145 3331 1210 substantiam
3379 1162 3397 1208 z
3442 1150 3506 1209 et
3543 1144 3698 1227 quia
3721 1145 3812 1224 ’,in
3855 1161 3986 1209 una

2440 1254 2794 1318 substantia
2820 1258 3084 1335 possunt
3110 1270 3244 1318 esse
3271 1252 3484 1335 plures
3517 1251 3847 1334 potentiae,
3877 1251 3985 1316 ni-

2440 1360 2533 1425 hil
2559 1361 2823 1444 impedit
2849 1363 2918 1426 in
2944 1360 3187 1429 Christo
3215 1360 3477 1445 reperiri
3504 1360 3718 1443 plures
3745 1359 3986 1424 volun-

2443 1473 2600 1534 tates
2631 1490 2648 1534 :
2685 1470 2843 1535 duas
2880 1489 2962 1534 ex
2998 1473 3178 1552 parte
3204 1469 3400 1533 unius
3441 1472 3723 1547 naturae,
3753 1467 3993 1532 scilicet

2444 1582 2694 1644 naturae
2735 1578 3074 1656 humanae3
3104 1582 3166 1642 et
3197 1595 3392 1642 unam
3435 1595 3516 1640 ex
3542 1581 3720 1660 parte
3749 1575 3991 1640 divinae

2446 1688 2694 1749 naturae
2725 1708 2739 1750 ε
2773 1689 2837 1749 et
2864 1685 2951 1749 ita
2979 1686 3048 1749 in
3080 1686 3381 1750 universo
3407 1688 3556 1747 tres.

2501 1795 2562 1870 5,
2577 1794 2689 1854 Get
2707 1796 2764 1853 7.
2781 1791 2877 1855 Ad
2900 1790 3054 1856 illud
3071 1793 3245 1874 quod
3263 1792 3583 1874 objicitur,
3598 1788 3772 1872 quod
3786 1789 3994 1855 multo

2448 1897 2664 1980 plures
2697 1897 2996 1964 deberent
3021 1917 3155 1962 esse
3180 1946 3197 1977 ,
3229 1917 3340 1980 per
3378 1896 3814 1962 auctoritatem
3854 1895 3996 1961 Hu-

2448 2005 2661 2087 goniS,
2692 2009 2756 2069 et
2782 2004 3173 2085 Damasceni,
3205 2009 3462 2088 propter
3482 2002 3900 2087 synderesim,
3935 2009 4000 2067 et

2449 2112 2748 2192 thelisim,
2780 2117 2843 2178 et
2867 2113 3163 2193 bulisim3
3192 2113 3531 2177 dicendum
3562 2112 3735 2192 quod
3760 2129 3842 2175 ex
3868 2110 4002 2175 mis

2450 2220 2927 2286 auctoritatibus
2979 2239 3109 2285 non
3161 2201 3366 2304 potest
3414 2220 3640 2302 argui,
3701 2220 3878 2301 quod·
3932 2219 4000 2281 in

2453 2326 2697 2389 Christo
2745 2327 2872 2390 sint
2922 2327 3135 2410 plures
3181 2319 3541 2392 voluntates
3583 2343 3776 2409 quam
3828 2329 3963 2389 hes
3980 2373 3999 2403 ,

2454 2433 2577 2497 nisi
2614 2432 2959 2515 accipiatur
2994 2433 3219 2499 divisio
3254 2432 3601 2500 voluntatis
3641 2432 4002 2497 secundum

2457 2541 2677 2604 modos
2702 2540 2993 2620 volendi,
3024 2559 3137 2623 per
3164 2558 3356 2624 quem
3385 2540 3647 2604 modum
3673 2539 4003 2603 rationalis

2455 2645 2751 2712 voluntas
2795 2646 3204 2729 multiplicari
3251 2648 3445 2712 habet
3489 2648 3559 2711 in
3602 2647 4004 2712 voluntatem

2455 2753 2718 2818 rationis
2740 2757 2803 2819 et
2830 2755 3096 2837 pietatis,
3126 2755 3248 2820 hoc
3275 2759 3370 2818 est
3393 2753 3747 2818 secundum
3773 2754 4003 2819 condi·

2457 2860 2754 2926 tionalem
2791 2865 2852 2925 et
2892 2863 3285 2941 absolutam3
3326 2862 3526 2926 dividi
3575 2862 3770 2926 etiam
3807 2861 4008 2925 habet

2459 2971 2525 3034 in
2553 2972 2929 3050 naturalem,
2960 2977 3023 3037 et
3048 2972 3522 3038 deliberativam
3556 2994 3571 3036 ε
3604 2973 3712 3044 sed
3741 2991 3858 3055 per
3884 2973 4008 3039 hoc

2460 3097 2591 3142 non
2627 3083 2829 3162 potest
2858 3079 3081 3161 argui,
3129 3078 3300 3162 quod
3327 3079 3624 3162 praedicta
3651 3079 3883 3144 divisio
3926 3081 4009 3143 sit

2459 3187 2882 3266 insufficiens,
2914 3188 3068 3270 quia
3093 3191 3347 3269 accepta
3372 3190 3466 3250 est
3492 3188 3850 3252 secundum
3886 3206 4003 3270 po-

2461 3294 2689 3358 tentias
2719 3317 2734 3358 :
2768 3296 2885 3359 uni
2914 3296 3085 3359 enim
3123 3295 3421 3378 potentiae
3449 3298 3711 3377 possunt
3735 3312 4004 3379 respon·

2462 3399 2611 3464 dere
2635 3400 2847 3482 plures
2874 3402 3047 3466 modi
3073 3403 3352 3470 volendi.

2544 3512 2604 3573 8.
2647 3507 2745 3572 Ad
2772 3508 2930 3573 illud
2966 3510 3138 3592 quod
3166 3509 3496 3591 objicitur,
3524 3509 3697 3593 quod
3721 3509 4006 3592 quadru-

2465 3616 2611 3699 plex
2636 3620 2731 3680 est
2754 3616 2824 3679 in
2861 3615 3104 3681 Christo
3149 3596 3458 3698 cognitio,
3488 3620 3552 3679 et
3589 3616 3678 3679 ita
3716 3616 4007 3699 quadru-

2465 3723 2612 3806 plex
2678 3723 2860 3791 debet
2910 3741 3044 3787 esse
3095 3723 3385 3802 affecti03
3441 3723 3782 3788 dicendum
3834 3723 4007 3807 quod

2466 3830 2749 3912 cognitio
2783 3830 3089 3895 sensitiva
3133 3829 3406 3894 exterior
3450 3848 3582 3895 non
3622 3829 3815 3894 habet
3862 3846 4010 3912 per-

2466 3939 2800 4003 fectionem
2835 3938 3073 4021 absque
3105 3937 3412 4002 interiori.
3446 3936 3624 4002 Sicut
3663 3938 3840 4000 enim
3865 3935 4009 4003 vult

2469 4045 2870 4127 Augustinus
2892 4045 2933 4125 ¹,
2965 4063 3095 4110 non
3122 4048 3216 4109 est
3239 4045 3511 4128 perfecta
3549 4045 3715 4109 visio
3740 4062 3824 4108 ex
3855 4060 4010 4107 con-

2471 4171 2665 4217 cursu
2701 4152 2932 4233 organi
2972 4156 3037 4216 et
3081 4151 3307 4234 objecti
3322 4198 3340 4227 ‚
3386 4152 3509 4216 nisi
3550 4151 3713 4216 adsit
3747 4150 4009 4215 interior

2471 4259 2754 4335 attentio,
2803 4277 2920 4323 seu
2959 4258 3245 4339 intenti0,
3275 4258 3579 4341 copulans
3613 4276 3819 4322 unum
3859 4274 4008 4323 cum

2472 4367 2668 4432 altero
2681 4415 2698 4445 ,
2746 4365 2910 4432 sicut
2953 4366 3186 4430 dicitur
3223 4367 3293 4429 in
3342 4366 3505 4431 libro
3541 4366 3876 4431 undecimo
3923 4368 4009 4431 De

2481 4474 2817 4542 trinitate.
2857 4471 3036 4536 Illam
3086 4476 3303 4537 autem
3371 4474 3780 4538 attentionem
3826 4476 4011 4537 vocat

2472 4581 2875 4664 Augustinus
2902 4579 3392 4661 sensualitatem,
3419 4581 3635 4646 dicens
3664 4577 3838 4664 quod
3863 4597 4006 4644 sen-

2473 4690 2733 4755 sualitas
2760 4690 2853 4752 est
2877 4686 2986 4750 illa
3023 4704 3137 4769 per
3163 4704 3361 4769 quam
3387 4687 3730 4753 attenditur
3760 4687 3833 4771 (b)
3864 4704 4009 4751 cor-

2476 4798 2649 4881 poris
2678 4812 2901 4861 sensus
2932 4816 2948 4858 ε
2981 4797 3045 4859 et
3069 4811 3265 4876 penes
3290 4794 3458 4859 hanc
3482 4797 3847 4875 attenditur,
3876 4794 4008 4857 sive

2473 4903 2854 4979 intenditur,
2893 4900 3210 4985 appetitus
3236 4901 3442 4966 carnis
3472 4923 3488 4964 ε
3520 4906 3584 4967 et
3606 4902 3748 4967 ideo
3776 4900 4005 4985 Magis-

2473 5015 2571 5075 ter
2596 5029 2678 5075 ex
2705 5013 2881 5093 parte
2906 5007 3287 5089 cognitionis
3311 5009 3632 5074 sensitivae
3650 5027 3849 5074 unam
3873 5012 4006 5073 tan·

2476 5121 2615 5182 tum
2654 5117 2831 5199 ponit
2873 5116 3293 5194 voluntatem,
3341 5119 3577 5182 scilicet
3617 5120 4001 5183 voluntatem

2475 5223 2903 5288 sensualitatis
2939 5242 2958 5287 t
2999 5222 3055 5287 si
3093 5223 3265 5286 enim
3308 5224 3615 5307 acciperet
3657 5224 3998 5290 secundum

2477 5338 2698 5397 sensus
2729 5329 3073 5397 exteriores
3090 5375 3111 5407 ‚
3140 5330 3282 5411 Jam
3308 5348 3439 5395 non
3476 5348 3641 5408 una,
3669 5333 3778 5398 sed
3811 5330 4006 5414 quin-

2548 5456 2612 5520 (a)
2644 5454 2765 5507 eat.
2785 5454 2908 5505 edit.
2932 5457 3066 5507 actu.
3086 5478 3150 5491 -
3171 5452 3240 5519 (b)
3267 5454 3390 5505 cat.
3416 5453 3538 5509 edit.
3567 5455 3841 5511 attendimr
3866 5455 3941 5504 in.
