4185 6288
1236 505 1613 574 ms‘rmcr.
1658 508 1786 576 xx.
1830 489 2014 582 A'n‘r.
2064 516 2114 581 1.
2159 515 2459 596 ouAEs‘r.
2508 523 2554 585 1.

301 656 417 723 per
443 638 905 722 reparationem
935 640 1060 707 Deo
1085 641 1277 707 habet
1304 643 1612 725 conjungi
1631 693 1650 726 ,
1679 645 1847 713 vide·

298 751 407 813 tur
433 747 607 830 quod
634 766 969 833 nunquam
998 749 1208 814 decuit
1246 768 1454 833 genus
1482 752 1845 820 humanum

299 855 602 939 reparari.

379 969 440 1028 5.
474 964 652 1041 Item,
686 964 848 1030 sicut
874 966 1072 1032 homo
1100 963 1212 1050 per
1241 973 1566 1050 peccatum
1607 971 1847 1037 meruit

300 1076 573 1137 mortem
615 1073 860 1153 carnis,
915 1073 1004 1137 ita
1054 1075 1244 1139 etiam
1291 1077 1529 1141 meruit
1573 1083 1845 1144 mortem

299 1179 702 1262 sempiternae
749 1181 1176 1246 damnationis
1227 1205 1242 1247 :
1292 1184 1398 1247 sed
1457 1203 1588 1250 non
1635 1187 1849 1252 decuit

298 1287 503 1352 Deum
528 1287 618 1351 sic
648 1306 943 1372 reparare
970 1308 1178 1371 genus
1204 1292 1589 1373 humanum,
1613 1301 1687 1358 ιιι
1715 1313 1845 1359 non

298 1400 658 1460 moreretur
699 1400 903 1462 morte
944 1398 1151 1461 carnis
1190 1417 1207 1461 ε
1249 1417 1406 1481 ergo
1457 1419 1588 1465 non
1635 1401 1847 1468 decuit

298 1504 390 1567 sic
414 1521 733 1586 reparare,
767 1509 842 1570 ut
880 1523 1011 1571 non
1037 1510 1396 1573 moreretur
1436 1513 1641 1574 morte
1668 1528 1842 1576 sem-

296 1611 561 1695 piternae
595 1611 1038 1678 damnationis,

377 1723 438 1783 6.
492 1719 671 1796 Item,
727 1739 855 1786 non
905 1720 1082 1786 decet
1127 1720 1327 1786 Deum
1371 1723 1577 1788 facere
1624 1732 1844 1794 contra

297 1831 769 1914 dispositionem
814 1850 950 1897 suae
993 1833 1321 1917 sapientiae
1355 1855 1370 1899 ε
1402 1835 1509 1900 sed
1539 1835 1704 1901 Deus
1745 1841 1842 1901 ta-

296 1939 423 2003 lem
470 1939 703 2003 fecerat
743 1940 1105 2016 hominem,
1155 1947 1262 2021 ut,
1308 1942 1362 2005 si
1404 1945 1593 2009 vellet
1638 1948 1804 2011 stare
1823 1995 1840 2024 ,

296 2049 527 2126 staret3
580 2051 643 2111 et
687 2047 742 2110 si
781 2047 969 2112 vellet
1011 2048 1261 2128 cadere,
1314 2050 1562 2115 caderet
1595 2075 1609 2113 ε
1643 2071 1803 2135 ergo
1822 2103 1839 2131 ,

294 2153 459 2217 sicut
499 2171 629 2217 non
671 2153 846 2219 decet
892 2154 1094 2219 Deum
1142 2156 1347 2220 facere
1390 2157 1468 2222 de
1505 2161 1739 2240 stante,
1770 2165 1845 2225 ut

295 2261 506 2340 cadat3
525 2262 613 2325 ita
640 2280 767 2327 non
787 2262 1188 2347 decetipsum
1216 2265 1524 2334 tacere-de
1554 2266 1835 2350 cadente,

298 2373 371 2433 ut
395 2373 689 2451 resurgat
733 2392 748 2434 ε
783 2388 941 2453 ergo
969 2390 1102 2435 non
1149 2372 1320 2437 decet
1350 2392 1501 2438 eum
1549 2393 1844 2458 reparare

295 2475 647 2540 humanam
680 2480 997 2543 naturam.

841 2709 1294 2778 CONCLUSIO.

303 2887 605 2959 Conqruum
631 2889 746 2959 ficit
771 2889 1062 2945 humanam
1089 2893 1347 2946 nami-am
1360 2907 1396 2947 a
1417 2891 1522 2947 Deo
1548 2895 1840 2964 reparari:

371 2981 504 3049 quin
534 2981 694 3034 immo
721 2980 871 3035 istud
906 2981 1022 3048 fait
1049 2982 1399 3036 neceesarium
1426 2997 1493 3037 ex
1514 2985 1678 3053 parte
1707 2985 1838 3050 Dei,

372 3076 681 3130 necessitate
717 3074 1216 3146 immutabilitatis,
1246 3090 1354 3130 non
1386 3079 1696 3132 coactionis.

377 3233 560 3319 Resp.
595 3235 675 3300 ad
702 3253 843 3317 arg.
880 3235 1220 3301 Dicendum
1252 3238 1425 3320 quod
1450 3237 1690 3322 absque
1722 3238 1839 3303 du-

294 3341 400 3406 bio
429 3359 792 3423 congruum
822 3345 1003 3405 estet
1040 3342 1267 3407 decens
1309 3345 1589 3426 reparari
1633 3364 1843 3427 genus

293 3451 679 3516 humanum.
712 3450 1119 3532 Congruum,
1151 3452 1452 3535 inquam,
1497 3458 1591 3518 est
1630 3459 1693 3519 et
1730 3455 1843 3519 de-

293 3577 442 3622 cens
469 3576 600 3623 non
626 3558 834 3623 solum
873 3578 954 3623 ex
998 3562 1175 3641 parte
1212 3560 1355 3641 Dei,
1386 3561 1493 3625 sed
1537 3562 1731 3626 etiam
1761 3581 1841 3627 ex

293 3670 473 3751 parte
500 3667 779 3731 hominis
814 3688 830 3731 ε
866 3685 947 3731 ex
976 3670 1153 3751 parte
1182 3666 1321 3746 Dei,
1353 3669 1507 3751 quia
1534 3668 1709 3733 decet
1735 3669 1842 3734 Dei

294 3776 645 3859 potentiam
667 3824 685 3855 ,
751 3775 1127 3858 sapientiam
1194 3780 1261 3841 et
1302 3777 1797 3842 misericordiam
1817 3827 1836 3858 ,

293 3884 460 3949 sicut
485 3882 553 3946 in
597 3883 974 3966 opponendo
1017 3887 1440 3948 monstratum
1471 3886 1566 3948 est
1609 3903 1804 3967 supra
1818 3908 1837 3965 ;

293 4009 374 4056 ex
400 3995 580 4075 parte
606 4009 759 4056 vero
786 3990 1067 4055 hominis
1095 3992 1513 4073 congruentia
1539 3995 1633 4056 est
1658 3992 1841 4057 simi-

292 4099 460 4179 liter,
492 4100 547 4162 si
589 4098 1026 4163 consideretur
1053 4099 1331 4181 dignitas
1369 4099 1648 4164 hominis
1686 4118 1837 4164 con-

292 4206 443 4286 diti,
475 4210 539 4271 et
566 4206 792 4270 modus
834 4206 1119 4287 labendi,
1149 4210 1216 4271 et
1244 4210 1442 4271 status
1469 4207 1651 4290 lapsi.
1685 4206 1842 4289 Dig-

290 4314 458 4378 nitas
481 4331 762 4397 namque
795 4313 1078 4378 hominis
1105 4314 1338 4379 conditi
1364 4317 1540 4378 tanta
1568 4318 1738 4395 erat,
1768 4319 1842 4378 ut

290 4425 550 4506 propter
594 4421 810 4505 ipsum
850 4421 1011 4484 facta
1057 4420 1183 4485 sint
1208 4421 1531 4486 universa.
1585 4420 1649 4486 Si
1682 4439 1840 4504 ergo

288 4530 488 4595 homo
539 4533 780 4594 careret
826 4547 942 4592 suo
990 4529 1141 4608 flue,
1182 4530 1321 4611 jam
1370 4529 1588 4593 omnia
1635 4535 1843 4595 essent

291 4655 414 4701 suo
464 4637 594 4700 fine
651 4635 1038 4700 defraudata.
1100 4634 1325 4700 Modus
1378 4655 1532 4702 vero
1591 4637 1839 4702 labendi

291 4745 444 4824 suit,
478 4744 648 4827 quod
678 4743 967 4808 humana
992 4745 1224 4808 natura
1259 4743 1534 4808 totaliter
1579 4745 1836 4826 cecidit,

293 4851 420 4917 alio
462 4853 781 4935 peccante,
828 4853 894 4914 et
939 4850 1064 4914 alio
1107 4856 1496 4933 suggerente
1523 4874 1540 4931 ;
1594 4856 1658 4917 et
1698 4853 1840 4919 ideo

297 4961 523 5026 decens
563 4959 689 5024 fuit
728 4960 933 5043 ipsam
997 4977 1111 5042 per
1163 4959 1362 5023 alium
1409 4959 1682 5026 relevari
1703 5009 1721 5041 ,
1767 4966 1843 5026 ut

295 5068 458 5133 sicut
482 5067 597 5131 filii
624 5070 1048 5150 peccaverunt
1072 5066 1146 5130 in
1189 5070 1451 5149 parente
1472 5116 1490 5147 ,
1522 5071 1586 5132 et
1612 5087 1841 5152 parens

292 5175 576 5258 peccavit
600 5173 852 5238 diabolo
879 5177 1291 5255 suggerente,
1314 5174 1404 5238 sic
1429 5176 1622 5242 etiam
1645 5177 1840 5242 homo

293 5284 697 5367 repararetur
723 5279 995 5345 Domino
1024 5280 1367 5346 relevante.
1398 5280 1614 5347 Status
1647 5283 1839 5348 etiam

291 5390 575 5458 hominis
612 5390 773 5474 lapsi
804 5389 1188 5471 reparationi
1230 5392 1560 5473 congruit,
1593 5393 1746 5478 quia
1771 5394 1839 5458 in

358 5519 377 5553 ¹
408 5515 655 5579 Anselm„
686 5516 790 5564 Car
824 5515 950 5566 oms
973 5511 1116 5563 homo
1139 5549 1152 5576 ,
1174 5514 1261 5565 lib.
1295 5516 1353 5576 ll,
1384 5531 1434 5566 c.
1462 5529 1510 5568 V.

3380 535 3498 596 425

1956 650 2065 718 illo
2091 657 2261 718 statu
2298 654 2493 721 simul
2537 657 2657 722 ruit
2700 659 3070 742 poenitentia
3108 681 3259 728 cum
3305 665 3496 731 mise-

1956 759 2052 824 ria
2085 784 2100 824 :
2142 765 2206 825 et
2242 763 2614 844 poenitentia
2657 767 2937 847 quodam
2977 770 3169 834 modo
3213 772 3501 854 placabat

1955 866 2245 933 divinam
2264 873 2292 954 j
2301 871 2623 953 ustitiam3
2658 874 2911 939 miseria
2938 895 3092 942 vero
3119 884 3500 961 provocabat

1955 975 2480 1045 misericordiam.
2514 980 2592 1045 Et
2633 981 2723 1045 sic
2767 987 2959 1066 patet,
3001 987 3173 1069 quod
3204 1007 3320 1071 per
3365 1009 3501 1055 om-

1955 1102 2107 1149 nem
2136 1087 2400 1151 modum
2430 1106 2794 1172 congruum
2822 1093 2943 1156 fuit
2970 1096 3252 1176 reparari
3292 1117 3502 1181 genus

1955 1192 2340 1259 humanum.
2392 1195 2796 1280 congruum,
2845 1201 3145 1284 inquam,
3195 1224 3275 1268 ex
3328 1213 3502 1290 parte

1956 1300 2236 1383 opificis3
2280 1312 2343 1366 et
2381 1323 2745 1388 congruum
2777 1327 2858 1372 ex
2899 1314 3077 1393 parte
3117 1313 3347 1395 operis,
3380 1314 3502 1380 Sed

1956 1410 2329 1491 congruitas
2351 1430 2434 1477 ex
2460 1419 2638 1495 parte
2666 1417 2874 1499 operis
2893 1437 3057 1500 pura
3080 1424 3502 1504 congruentia

1956 1514 2080 1587 ost,
2112 1510 2202 1576 ita
2238 1514 2409 1596 quod
2445 1533 2573 1579 non
2619 1518 2799 1600 ponit
2842 1521 3316 1604 necessitatem3
3347 1543 3498 1590 con·

1955 1616 2204 1700 gruitas
2229 1637 2384 1684 vero
2412 1639 2493 1685 ex
2522 1627 2698 1706 parte
2739 1626 2984 1708 opificis
3010 1629 3190 1711 ponit
3224 1633 3498 1696 necessi-

1953 1729 2152 1790 tatem
2184 1745 2201 1792 t
2233 1728 2668 1824 necessitatem
2689 1780 2705 1810 ,
2738 1733 3035 1817 inquam,
3064 1755 3198 1801 non
3224 1737 3499 1805 inevita-

1954 1832 2246 1915 bilitatis,
2303 1854 2449 1919 quae
2507 1837 2816 1904 dividitur
2866 1841 2935 1905 in
2999 1843 3386 1909 coactionem
3439 1851 3502 1913 et

1956 1941 2451 2023 prohibitionem
2468 1992 2484 2021 ,
2524 1946 2633 2010 sed
2663 1948 3098 2014 necessitatem
3126 1949 3499 2017 immutabi-

1953 2046 2167 2128 litatis,
2208 2067 2356 2132 quae
2401 2053 2733 2135 consurgit
2776 2073 2858 2118 ex
2907 2056 3239 2122 stabilitate
3282 2063 3347 2123 et
3382 2060 3501 2125 im·

1955 2158 2376 2224 mutabilitate
2416 2160 2654 2225 divinae
2698 2162 3124 2246 dispositionis
3154 2188 3169 2229 :
3208 2166 3351 2232 haec
3388 2187 3502 2233 au-

1953 2267 2085 2328 tem
2116 2283 2244 2329 non
2273 2269 2471 2330 arctat
2494 2268 2779 2332 divinam
2805 2271 3155 2352 potentiam
3192 2273 3271 2338 ad
3299 2292 3500 2358 oppo-

1954 2372 2184 2451 situm,
2216 2373 2322 2438 sed
2366 2392 2509 2438 eam
2537 2375 2911 2440 determinat
2940 2378 3018 2441 ad
3060 2379 3183 2443 tale
3219 2383 3504 2465 proposig

1953 2485 2117 2545 tum.
2175 2480 2351 2546 Unde
2404 2483 2784 2562 Anselmus,
2835 2483 3109 2550 in‘libro
3159 2487 3285 2553 Gur
3332 2490 3501 2555 Deus

1953 2587 2136 2654 homo
2156 2595 2176 2632 ⁸
2210 2611 2225 2652 ε
2260 2612 2290 2650 ιι
2317 2587 2475 2654 Cum
2500 2588 2774 2654 dicimus
2801 2588 3001 2656 Deum
3030 2591 3272 2677 aliquid
3296 2594 3502 2661 facere

1954 2696 2346 2776 necessitate,
2380 2695 2868 2778 intelligendum
2892 2697 3182 2781 estquod
3211 2700 3333 2765 hoc
3356 2700 3503 2766 facit

1954 2803 2322 2868 necessitate
2351 2804 2645 2868 servandi
2671 2804 3088 2886 honestatem,
3119 2825 3266 2889 quae
3289 2827 3501 2874 neces-

1951 2912 2105 2975 sitas
2140 2930 2272 2976 non
2298 2917 2392 2976 est
2421 2911 2594 2976 aliud
2624 2931 2820 2995 quam
2865 2912 3345 2980 immutabilitas
3374 2915 3501 2981 ho-

1951 3019 2232 3083 nestatis
2262 3041 2293 3080 ι)
2330 3020 2427 3085 Ex
2450 3021 2574 3099 hia,
2607 3039 2755 3104 quae
2785 3021 2949 3086 dicta
2975 3026 3146 3099 sunt,
3177 3028 3350 3105 patet
3373 3042 3503 3089 res-

1952 3127 2179 3209 ponsio
2221 3127 2296 3192 ad
2327 3129 2712 3213 propositam
2751 3130 3196 3212 quaestionem.
3231 3129 3299 3197 Si
3326 3133 3499 3197 enim

1951 3240 2282 3319 quaeratur
2318 3242 2536 3302 utrum
2567 3257 2929 3321 congruum
2959 3239 3039 3303 sit
3074 3242 3354 3323 reparari
3383 3261 3503 3326 ge-

1949 3363 2075 3408 nus
2117 3346 2503 3426 humanum,
2535 3348 3008 3414 concedendum
3053 3354 3148 3414 est
3192 3350 3499 3435 simplici-

1949 3456 2047 3516 ter
2063 3500 2085 3532 ,
2147 3454 2316 3536 quod
2382 3472 2611 3519 verum
2664 3460 2780 3520 est.
2836 3455 2902 3522 Si
2960 3474 3116 3522 vero
3175 3457 3504 3540 quaeratu'r

1949 3561 2171 3624 utrum
2214 3560 2296 3625 sit
2331 3561 2793 3642 necessarium,
2828 3582 2964 3628 non
3007 3567 3102 3627 est
3136 3564 3502 3646 simpliciter

1949 3669 2469 3751 respondendum
2496 3719 2514 3748 ,
2594 3669 2703 3735 sed
2775 3670 3325 3753 distinguendum.
3391 3672 3502 3737 Est

1950 3776 2126 3840 enim
2182 3777 2614 3842 necessarium
2669 3796 2750 3841 ex
2803 3781 2982 3861 parte
3040 3777 3148 3842 Dei
3175 3800 3192 3856 ;
3246 3779 3356 3843 sed
3418 3798 3501 3846 ex

1948 3887 2128 3966 parte
2156 3885 2381 3963 nostri,
2411 3902 2566 3948 non.
2595 3883 2692 3948 Ex
2730 3889 2908 3967 parte
2937 3883 3046 3949 Dei
3072 3886 3501 3952 necessarium

1948 3992 2211 4075 quidem
2278 4011 2410 4057 non
2468 4010 2877 4075 quacumque
2932 3992 3334 4071 necessitate,
3393 3996 3502 4061 sed

1949 4101 2320 4165 necessitate
2344 4100 2908 4180 immutabilitatiS,
2945 4119 3093 4185 quae
3132 4119 3267 4166 non
3304 4120 3501 4187 oppo-

1947 4209 2125 4273 nitur
2174 4208 2448 4274 libertati
2499 4208 2846 4275 voluntatis
2863 4257 2881 4288 ,
2929 4228 3004 4273 ac
3048 4228 3162 4292 per
3208 4210 3331 4275 hoc
3380 4230 3499 4277 nec

1947 4318 2199 4400 gratiae,
2231 4337 2346 4383 nec
2373 4317 2756 4383 liberalitati.

2030 4432 2091 4492 1.
2126 4425 2204 4492 Et
2230 4445 2344 4510 per
2389 4426 2511 4490 hoc
2551 4428 2726 4510 patet
2752 4425 3076 4509 responsio
3102 4426 3184 4490 ad
3211 4427 3496 4511 primum

1947 4536 2270 4618 obJectum
2314 4555 2329 4600 :
2362 4552 2496 4599 non
2521 4532 2695 4597 enim
2724 4533 3046 4617 sequitur,
3080 4534 3136 4597 si
3180 4533 3347 4601 Deus
3394 4555 3499 4600 re-

1948 4646 2132 4726 parat
2159 4642 2527 4707 necessitate
2553 4659 2690 4706 suae
2722 4641 3258 4706 immutabilitatis
3275 4690 3294 4722 ,
3325 4644 3496 4727 quod

1946 4754 2204 4833 propter
2261 4751 2385 4814 hoc
2436 4768 2569 4814 non
2626 4751 2877 4832 reparet
2934 4748 3309 4814 liberalitate
3360 4768 3496 4816 suae

1946 4857 2399 4940 benignitatis:
2425 4857 2566 4923 haec
2591 4857 2768 4922 enim
2796 4857 2990 4921 simul
3017 4861 3282 4940 possunt
3304 4861 3493 4924 stare.

2027 4967 2090 5030 2.
2133 4965 2228 5030 Ad
2272 4965 2429 5031 illud
2470 4965 2642 5049 quod
2686 4964 3054 5049 opponitur,
3099 4965 3268 5048 quod
3314 4984 3495 5031 crea-

1949 5074 2096 5137 tura
2142 5071 2433 5154 angelica
2472 5071 2747 5136 nobilior
2788 5079 2914 5149 est,
2957 5075 3104 5151 etc„
3155 5071 3494 5137 dicendum

1948 5180 2143 5262 quod,
2170 5180 2467 5262 quamvis
2493 5179 2768 5261 angelus
2791 5178 3063 5243 nobilior
3092 5178 3178 5242 sit
3202 5183 3497 5244 creatura

1947 5306 2144 5371 quam
2171 5288 2404 5366 homo;
2437 5305 2569 5352 non
2594 5289 2813 5352 tamen
2838 5291 2935 5352 est
2977 5286 3135 5353 adeo
3180 5286 3260 5351 ad
3307 5284 3493 5370 repa·

1947 5395 2259 5461 rationem
2294 5396 2561 5462 idoneus
2595 5395 2764 5460 sicut
2796 5395 2993 5461 homo
3006 5444 3024 5475 ,
3052 5398 3311 5480 propter
3349 5413 3496 5460 mo-

1945 5505 2105 5570 dum
2131 5503 2409 5585 labendi,
2435 5509 2500 5569 et
2520 5507 2757 5571 statum
2782 5503 3063 5569 hominis
3082 5504 3264 5589 lapsi.
3286 5502 3492 5569 Homo
