4185 6288
687 475 808 535 208

688 605 1133 673 venerationis.
1171 602 1654 668 Concedendum
1703 606 1799 668 est
1853 620 2013 685 ergo
2056 601 2231 685 quod

688 711 918 776 Christi
945 728 1107 776 crux
1138 713 1233 774 est
1254 709 1579 774 adoranda
1604 710 1812 774 latria.

768 828 827 885 1.
859 820 956 885 Ad
1009 818 1164 883 illud
1207 818 1379 900 quod
1425 817 1746 899 objicitur,
1787 816 1958 900 quod
2006 814 2236 879 Christi

687 947 847 992 crux
875 930 972 991 est
992 944 1154 1009 pura
1184 928 1496 1003 creatura,
1514 924 1854 989 dicendum
1873 924 2046 1007 quod
2073 940 2237 987 crux

686 1054 819 1101 non
869 1035 1171 1100 adoratur
1215 1037 1288 1097 ut
1319 1049 1450 1111 res,
1481 1031 1589 1096 sed
1628 1036 1701 1095 ut
1737 1031 2003 1113 signum
2031 1049 2237 1094 reme-

687 1142 1079 1207 morativum
1122 1141 1360 1205 ducens
1401 1140 1472 1203 in
1520 1139 1912 1204 crucifixum
1926 1187 1943 1217 ,
1978 1138 2143 1203 sicut
2172 1142 2237 1202 et

687 1250 905 1333 imago
933 1250 1174 1315 ducens
1197 1249 1278 1311 ad
1303 1247 1754 1328 imaginatum.

766 1362 828 1420 2.
858 1356 955 1420 Ad
1008 1355 1166 1419 illud
1224 1354 1396 1436 quod
1446 1352 1764 1436 objicitur,
1812 1353 1985 1436 quod
2037 1352 2237 1416 Mater

686 1464 916 1529 Christi
953 1464 1096 1548 plus
1149 1461 1641 1545 appropinquat,
1701 1464 1848 1541 etc„
1893 1459 2237 1525 dicendum

685 1573 856 1655 quod
877 1572 1063 1636 Matri
1090 1569 1320 1634 Christi
1346 1569 1613 1634 debetur
1639 1568 1922 1632 adoratio
1950 1567 2230 1650 propria,

686 1697 837 1744 eum
862 1679 1000 1761 ipsa
1021 1678 1101 1741 sit
1126 1677 1389 1741 rationis
1417 1694 1619 1757 capax
1649 1672 1665 1739 Ξ
1704 1675 1873 1739 unde
1900 1669 2233 1756 Virginem

686 1786 1075 1869 alloquimur
1105 1803 1256 1848 cum
1301 1783 1663 1860 adoramuS,
1692 1787 1755 1846 et
1781 1785 1923 1864 ejus
1951 1782 2232 1847 benevo-

687 1892 951 1958 lentiam
988 1896 1316 1973 captamus
1350 1893 1412 1953 et
1458 1888 1930 1967 desideramus;
1987 1906 2119 1951 non
2147 1890 2236 1952 sic

687 2005 782 2064 cst
802 2001 882 2065 de
927 2017 1114 2063 cruce
1148 2021 1163 2060 ε
1196 2015 1346 2061 cum
1373 1997 1547 2061 enim
1575 1996 1940 2072 adoramm,
1989 1996 2234 2077 placere

686 2108 1072 2173 intendimus
1089 2106 1427 2180 Crucifixo‚
1460 2122 1591 2169 non
1621 2106 1762 2185 ejus
1789 2104 2001 2186 signo.

766 2223 825 2283 3.
870 2220 965 2283 Ad
1012 2218 1168 2283 illud
1196 2219 1364 2300 quod
1402 2217 1702 2298 objicitur
1743 2236 1760 2281 :
1814 2239 1843 2277 α
1867 2216 2110 2280 Coelum
2140 2219 2236 2279 est

686 2322 864 2387 sedes
912 2321 1046 2398 Dei,
1089 2323 1153 2385 et
1190 2325 1361 2384 terra
1398 2318 1770 2398 scabellum,
1826 2341 1856 2378 n
1893 2317 2232 2382 dicendum

687 2430 859 2512 quod
876 2448 1007 2493 non
1037 2431 1132 2493 est
1151 2427 1377 2506 simile,
1408 2427 1560 2509 quia
1584 2426 1817 2490 coelum
1841 2431 1904 2490 et
1921 2429 2089 2489 terra
2116 2425 2234 2489 du-

686 2542 838 2600 cunt
856 2538 925 2600 in
952 2537 1151 2601 Deum
1175 2535 1523 2600 secundum
1551 2533 1917 2617 generalem
1940 2533 2228 2612 modum,

689 2664 818 2729 quo
851 2648 1144 2710 creatura
1157 2644 1331 2709 ducit
1355 2644 1421 2707 in
1437 2643 1796 2708 Creatorem
1818 2664 1835 2721 ;
1867 2660 1995 2705 non
2010 2642 2100 2705 sic
2115 2660 2234 2705 >au-

692 2759 819 2817 tem
845 2755 941 2816 est
980 2751 1059 2816 de
1107 2769 1325 2830 cruce,
1360 2750 1493 2814 imo
1541 2755 1636 2814 est
1659 2749 1980 2831 quoddam
1991 2750 2232 2831 specia-

685 2860 1002 2924 lissimum
1031 2857 1402 2923 memoriale
1428 2856 1750 2921 Cruciflxi.

764 2971 805 3031 4
821 2972 882 3032 et
902 2973 961 3031 5.
979 2968 1076 3032 Ad
1094 2966 1249 3030 illud
1274 2966 1449 3049 quod
1464 2966 1766 3048 objicitur
1778 2965 2027 3042 ultimo,
2056 2964 2232 3048 quod

688 3094 852 3141 crux
885 3075 1050 3139 nihil
1094 3074 1331 3138 meruit
1360 3079 1423 3139 et
1448 3074 1609 3138 nihil
1647 3072 1858 3152 sentit,
1891 3070 2231 3135 dicendum

686 3184 857 3268 quod
886 3184 1051 3248 sicut
1074 3183 1316 3266 duplex
1342 3186 1435 3246 est
1457 3182 1619 3261 lauS,
1638 3181 1727 3245 sic
1748 3180 1986 3263 duplex
2002 3185 2097 3245 est
2115 3181 2233 3245 ho-

686 3310 808 3357 nor
840 3314 854 3355 :
898 3291 1138 3373 aliquid
1181 3291 1357 3354 enim
1392 3289 1693 3353 laudatur
1735 3293 1994 3372 propter
2021 3288 2231 3353 excel-

685 3398 949 3464 lentiam
995 3417 1132 3463 snae
1178 3402 1450 3475 naturae,
1505 3396 1667 3461 sicut
1714 3415 1816 3461 res
1873 3395 2142 3479 pulchra
2168 3398 2231 3458 et

684 3507 853 3571 bona
883 3524 997 3588 per
1038 3507 1361 3589 propriam
1413 3501 1712 3568 naturam
1740 3501 2072 3579 laudatur;
2107 3501 2230 3565 ali-

683 3614 837 3695 quid
864 3613 1162 3678 laudatur
1187 3617 1444 3696 propter
1465 3611 1717 3678 virtutis
1743 3610 2184 3673 strenuitatem
2208 3630 2223 3671 ε

683 3731 745 3785 et
770 3721 909 3785 haec
934 3721 1195 3804 quidem
1251 3720 1394 3784 laus
1439 3719 1695 3800 respicit
1724 3717 1972 3794 merita,
2021 3716 2230 3798 prima

682 3847 838 3893 vero
863 3846 1016 3892 non.
1060 3826 1164 3892 Sic
1206 3830 1274 3891 et
1311 3826 1551 3909 duplex
1575 3830 1670 3890 est
1693 3826 1922 3889 honor.
1952 3822 2230 3900 Quidam

682 3935 1023 4000 exhibetur
1068 3936 1137 3998 in
1164 3934 1603 3999 testimonium
1648 3931 1906 3998 virtutis
1934 3950 1951 3994 ε
1985 3935 2050 3995 et
2083 3930 2229 3994 ideo

680 4044 799 4107 iste
847 4061 978 4107 non
1033 4047 1127 4107 est
1160 4041 1564 4106 exhibendus
1610 4040 1784 4104 cruci
1830 4038 1956 4102 nisi
1984 4038 2230 4102 ratione

680 4149 992 4230 crucifixi,
1023 4152 1210 4232 cujus
1231 4149 1489 4231 quidem
1518 4148 1726 4212 virtus
1769 4150 1833 4210 et
1871 4145 2231 4226 intelligen-

679 4260 769 4323 tia
793 4261 856 4322 et
882 4258 1257 4322 excellentia
1283 4261 1380 4321 est
1409 4275 1602 4338 super
1631 4254 1869 4319 omnia.
1925 4252 2108 4316 Alius
2134 4255 2230 4315 est

678 4367 887 4432 honor
914 4366 1027 4444 qui
1053 4365 1392 4430 exhibetur
1414 4364 1485 4428 in
1510 4363 1775 4445 signum
1800 4360 2077 4443 aliqu’us
2102 4378 2228 4423 no-

678 4474 937 4538 bilitatis
962 4479 1027 4538 et
1056 4471 1445 4537 excellentiae
1477 4489 1495 4534 :
1529 4474 1594 4535 et
1634 4469 1758 4532 hoc
1798 4466 2002 4531 modo·
2019 4465 2230 4532 honor

679 4602 810 4648 non
838 4582 1042 4663 exigit
1067 4580 1326 4659 merita,
1355 4597 1475 4642 nec
1527 4576 1800 4660 requirit
1824 4575 2133 4640 virtutem
2159 4575 2228 4639 in

679 4691 1012 4767 honorate,
1042 4689 1146 4756 vel
1171 4686 1636 4770 cognitionem3
1660 4683 1770 4749 sed
1796 4683 2078 4766 aliquam
2115 4699 2226 4747 ra-

679 4797 920 4862 tionem
947 4795 1297 4878 dignitatis»,
1322 4794 1402 4857 ob
1433 4810 1632 4875 quam
1658 4790 1884 4856 debeat
1906 4789 2026 4852 sibi
2048 4807 2228 4856 reve-

679 4905 883 4969 rentia
909 4902 1201 4969 exhiberi
1237 4927 1252 4967 :
1290 4906 1355 4965 et
1386 4900 1506 4965 hoc
1523 4899 1713 4965 modo
1742 4897 2023 4981 quadam
2045 4897 2227 4962 nobi-

680 5013 960 5078 litatione
974 5013 1140 5078 Deus
1156 5012 1410 5093 lignum
1434 5009 1640 5073 crucis
1659 5006 2044 5084 nobilitavit,
2065 5006 2226 5069 dum

680 5121 753 5183 in
776 5138 854 5184 ea
880 5119 1204 5202 pependit,
1246 5121 1307 5181 et
1348 5135 1558 5198 genus
1600 5113 1966 5179 humanum
1991 5111 2226 5176 libera-

745 5247 764 5279 *
786 5246 868 5306 Cf.
893 5245 1036 5295 Alex.
1075 5243 1270 5306 Alens„
1289 5257 1342 5306 p.
1373 5243 1432 5292 111
1454 5277 1470 5304 ,
1491 5255 1546 5306 q.
1567 5251 1672 5291 xxx
1689 5278 1702 5300 ,
1731 5238 1923 5290 memb.
1942 5241 2001 5301 3,
2029 5241 2127 5287 art.
2157 5240 2186 5288 3
2205 5275 2224 5302 ,

678 5331 726 5381 Ρ.
748 5328 817 5379 113
840 5318 892 5367 S.
915 5317 1119 5378 Thom„
1141 5330 1195 5379 p.
1221 5316 1310 5378 111,
1332 5328 1384 5377 q.
1414 5325 1536 5371 xxv,
1558 5317 1655 5362 art.
1676 5314 1737 5374 ὃς
1766 5314 1817 5360 et
1840 5310 1904 5359 111
1924 5311 2083 5368 sent..
2103 5308 2221 5360 dist.

680 5401 753 5451 lx,
800 5404 849 5454 q.
877 5399 938 5451 ιι,
965 5390 1061 5438 art.
1088 5392 1136 5449 2,
1160 5402 1211 5451 q.
1236 5398 1294 5449 v;
1321 5385 1490 5448 AEgid.
1515 5386 1687 5444 Rom„
1719 5383 1783 5431 111
1813 5381 1973 5443 Seni„
1997 5381 2112 5429 dist.
2144 5392 2223 5444 ιι,

680 5474 732 5525 p.
766 5473 824 5521 11,
850 5474 901 5525 q.
927 5470 988 5521 v;
1017 5456 1330 5517 Richardue,
1351 5457 1418 5506 111
1445 5457 1581 5506 Sem.
1611 5454 1728 5505 dist.
1756 5464 1810 5503 ιι
1829 5489 1843 5514 ,
1864 5456 1963 5502 art.
1990 5454 2056 5514 2,
2092 5464 2148 5515 q.
2167 5464 2218 5515 v;

1791 464 2418 534 SENTENTIARUM
2458 465 2609 533 LlB.
2658 466 2765 531 111.

2344 601 2481 667 vit:
2511 606 2575 667 et
2593 602 2737 667 ideo
2764 619 3019 666 crucem
3038 599 3380 667 laudamus
3405 604 3470 666 et
3495 618 3896 666 veneramur

2343 711 2571 774 exista
2603 709 2951 788 nobilitate,
2983 711 3047 772 et
3076 707 3454 792 multiplices
3500 710 3556 791 ej
3566 727 3641 773 us
3675 709 3898 773 laudes

2343 816 2634 881 decantat
2671 815 2974 936 Ecclesia,
3008 820 3069 879 et
3097 834 3210 898 per
3239 816 3657 899 {praesentiam
3708 816 3898 879 istius

2341 1029 2513 1095 libus
2547 1031 2857 1095 beneficia
2881 1034 2945 1094 et
2971 1030 3320 1096 miracula.
3338 1034 3402 1095 et
3429 1031 3520 1096 sic
3541 1034 3761 1114 patent
3778 1030 3898 1095 ob-

2336 1138 2528 1219 jecta.

2883 1341 3239 1421 QUAESTIO
3281 1341 3358 1409 V.

2470 1523 2562 1578 An
2596 1523 2768 1579 latria
2792 1524 3092 1581 exhibenda
3114 1526 3190 1581 sit
3217 1523 3468 1581 membris
3499 1522 3703 1580 Christi
3720 1524 3761 1580 ¹.

2424 1671 2653 1739 Utrum
2720 1674 2904 1738 latria
2986 1674 3345 1740 exhibenda
3419 1675 3502 1739 sit
3582 1674 3899 1739 membris
3928 1692 4004 1737 ιιι
4022 1705 4126 1750 σῃ.

2343 1779 2608 1861 Christi3
2644 1786 2708 1845 et
2736 1782 2910 1864 quod
2937 1782 3050 1859 sic,
3086 1782 3341 1847 videtur
3366 1781 3578 1866 primo
3605 1783 3901 1847 auctori-

2307 1936 2312 1945 .
2341 1891 2466 1951 tate
2496 1888 2595 1952 vel
2626 1888 2966 1971 exemplo
2948 1889 3151 1972 ipsius
3170 1888 3470 1970 Abrahae,
3498 1888 3635 1972 qui,
3662 1891 3739 1954 in
3776 1888 3900 1954 Ge-

2341 1996 2584 2060 nes-im’
2616 2014 2700 2059 :a
2727 1996 2882 2060 Tres
2908 1995 3081 2060 viros
3121 1996 3308 2074 vidit,
3336 2000 3400 2061 et
3426 2015 3636 2061 unum
3663 1997 3900 2060 adora-

2342 2102 2473 2166 vit:
2500 2124 2531 2161 ι)
2565 2106 2630 2167 et
2654 2103 3064 2184 Augustinus
3113 2105 3374 2187 exponit
3422 2104 3594 2188 quod
3629 2104 3753 2168 viri
3801 2104 3902 2168 illi

2341 2209 2556 2290 angeli
2597 2211 2858 2275 fuerunt
2894 2234 2909 2275 :
2941 2211 3052 2275 sed
3076 2215 3290 2275 tamen
3335 2212 3406 2275 in
3454 2211 3581 2275 illis
3607 2210 3901 2277 adoravit

2343 2315 2566 2395 Deum,
2600 2322 2662 2381 et
2685 2319 2914 2382 obtulit
2938 2319 3032 2383 eis
3057 2319 3497 2385 adorationem
3514 2318 3723 2383 latriae
3747 2336 3767 2381 ε
3789 2335 3899 2381 er-

2341 2443 2428 2506 go
2492 2427 2548 2489 si
2619 2427 2784 2493 Deus
2850 2428 3095 2493 habitat
3153 2428 3222 2492 in
3274 2428 3582 2493 membris
3639 2425 3916 2505 Christi,-

2342 2531 2596 2597 videtur
2621 2535 2794 2616 quod
2824 2535 2919 2599 eis
2945 2535 3156 2600 cultus
3205 2535 3412 2599 latriae
3450 2534 3678 2600 debeat
3700 2533 3901 2598 exhi-

2340 2639 2500 2705 beri.

2421 2752 2482 2810 2.
2541 2746 2698 2812 item
2751 2747 2819 2812 in
2872 2749 3269 2832 Apocalypsi
3314 2749 3551 2814 dicitur
3616 2750 3658 2826 ⁸,
3717 2749 3902 2831 quod

2339 2852 2614 2919 Joannes
2639 2855 2865 2919 cecidit
2907 2855 2974 2919 in
3009 2856 3242 2921 faciem
3270 2875 3456 2921 suam
3500 2861 3574 2921 ut
3600 2856 3903 2921 adoraret

2342 2962 2673 3043 angelum,
2703 2967 2767 3027 et
2817 2963 2910 3026 ibi
2951 2964 3211 3045 dicitur,
3242 2964 3416 3047 quod
3460 2963 3731 3047 angelus
3758 2981 3902 3027 non

2339 3070 2647 3153 permisit.
2696 3071 2825 3135 Aut
2868 3089 3030 3155 ergo
3068 3071 3345 3137 Joannes
3397 3071 3660 3137 adorare
3687 3069 3904 3135 voluit

2339 3177 2703 3244 adoratione
2731 3180 2957 3260 latriae,
2990 3185 3103 3244 aut
3131 3181 3325 3258 duliae
3358 3200 3378 3246 t
3413 3182 3469 3244 si
3512 3180 3714 3245 latriae
3735 3228 3755 3259 ,
3786 3197 3900 3244 er-

2342 3305 2429 3368 go
2454 3305 2605 3352 cum
2630 3287 2664 3351 J
2666 3307 2903 3352 oannes
2932 3293 3105 3354 recte
3133 3290 3374 3369 fecerit,
3405 3307 3534 3354 non
3550 3286 3905 3371 reprehen-

2340 3393 2514 3458 ditur
2539 3399 2848 3478 tanquam
2891 3395 3240 3476 idololatra,
3267 3401 3334 3461 et
3357 3396 3447 3460 sic
3476 3395 3759 3460 adoratio
3786 3394 3897 3458 la·-

2338 3501 2479 3565 triae
2500 3506 2704 3584 potest
2733 3503 3022 3567 exhiberi
3049 3503 3343 3567 rationali
3365 3507 3712 3572 creaturae:
3732 3520 3903 3584 ergo

2337 3609 2392 3671 si
2443 3610 2614 3692 paris
2666 3609 2995 3691 dignitatis
3040 3614 3193 3674 sunt
3235 3610 3449 3693 angeli
3465 3660 3482 3688 ‚
3511 3615 3576 3675 et
3600 3611 3904 3676 membra

2339 3717 2591 3797 Christi,
2612 3716 2869 3782 videtur
2896 3716 3069 3800 quod
3097 3717 3403 3781 membris
3438 3716 3668 3782 Christi
3698 3717 3900 3782 exhi-

2339 3828 2587 3893 bendus
2614 3828 2697 3892 sit
2723 3828 2935 3893 cultus
2951 3827 3176 3891 latriae.
3209 3825 3277 3892 Si
3305 3827 3477 3891 dicas
3500 3826 3672 3910 quod
3696 3826 3904 3891 Joan-

2337 3954 2454 4001 nes
2474 3936 2678 4001 voluit
2698 3936 2962 4000 adorare
2980 3933 3346 3999 adoratione
3372 3932 3565 3999 duliae
3587 3953 3604 4014 ;
3628 3937 3848 3998 contra
3877 3957 3897 4000 t

2338 4041 2521 4108 Dulia
2551 4043 2816 4109 debetur
2852 4042 3098 4123 angelis
3142 4041 3327 4105 bonis
3364 4063 3380 4105 t
3412 4059 3570 4124 ergo
3598 4040 3761 4105 male
3790 4041 3902 4104 fa-

2338 4150 2544 4214 ciebat
2594 4150 2887 4231 angeluS,
2948 4148 3120 4231 quod
3177 4166 3329 4213 eum
3383 4147 3761 4231 prohibebat
3807 4147 3901 4212 ab

2337 4253 2705 4318 adoratione
2760 4269 2958 4334 quam
3007 4251 3274 4315 debebat
3300 4269 3318 4315 ε
3348 4250 3522 4333 quod
3565 4249 3622 4314 si
3675 4251 3900 4331 angeli

2336 4372 2678 4436 nunquam
2723 4354 2891 4418 male
2928 4354 3192 4433 faciunt,
3221 4356 3418 4418 restat
3455 4351 3630 4436 quod
3656 4369 3901 4435 praece-

2336 4463 2494 4527 dens
2520 4462 2890 4527 membrum
2919 4467 3018 4526 est
3035 4479 3289 4526 verum.

2418 4576 2479 4636 3.
2512 4569 2670 4635 Item
2703 4569 2868 4634 Deus
2885 4569 3250 4634 adorandus
3275 4571 3374 4633 est
3400 4566 3769 4631 adoratione
3794 4566 3902 4630 la-

2336 4678 2477 4743 triae
2504 4678 2573 4741 in
2616 4677 2857 4760 templo
2900 4681 3118 4742 sancto
3143 4681 3304 4757 fsuo,
3334 4672 3688 4739 seeundum
3715 4675 3899 4755 quod

2337 4787 2486 4852 dicit
2516 4784 2807 4850 Psalmus
2824 4790 2846 4824 ⁸
2880 4807 2896 4849 ι
2935 4784 3227 4851 Introibo
3273 4784 3349 4848 in
3378 4781 3639 4848 domum
3684 4785 3892 4859 tuam,

2336 4901 2394 4961 et
2440 4892 2744 4972 adorabo,
2795 4897 2911 4956 etc.
2977 4890 3100 4956 Sed
3145 4889 3471 4973 quodlibet
3518 4888 3895 4952 membrum

2337 5000 2565 5066 Christi
2608 5003 2704 5063 est
2734 4998 3048 5080 templum
3096 4997 3371 5079 Spiritus
3395 4995 3623 5074 sancti,
3658 5012 3895 5058 secun-

2334 5110 2493 5174 dum
2537 5108 2714 5191 quod
2756 5107 2988 5172 dicitur
3009 5111 3032 5146 ⁸
3065 5127 3081 5170 z
3128 5122 3286 5187 ergo
3326 5103 3654 5187 quodlibet
3677 5119 3892 5166 mem-

2335 5304 2512 5368 Steph.
2533 5304 2746 5366 Brulet..
2766 5304 2831 5354 111
2851 5304 3012 5367 8επί.,
3031 5303 3150 5354 dist.
3169 5315 3244 5368 ιι,
3268 5317 3320 5368 q.
3342 5316 3395 5353 v.
3418 5303 3514 5341 -ί
3533 5304 3686 5366 Aug„
3708 5300 3883 5350 eontra

2335 5376 2623 5439 Μαιῶται,
2652 5377 2742 5427 lib.
2762 5377 2826 5441 11,
2854 5392 2902 5427 c.
2930 5388 3073 5439 xxvi,
3093 5390 3146 5426 n.
3172 5378 3220 5427 7.
3248 5402 3295 5413 -
3323 5375 3346 5410 ⁸
3367 5378 3543 5439 Αροε..
3573 5385 3683 5436 ιιι,
3713 5376 3791 5422 ¹⁰.
3813 5394 3876 5410 -—

2339 5454 2357 5483 ⁸
2389 5454 2470 5502 Pr.
2496 5467 2549 5516 v,
2569 5462 2695 5504 8.-
2713 5451 2738 5488 ⁸
2764 5454 2782 5504 1
2807 5453 2946 5518 Cor„
2976 5455 3167 5516 111‚16;
3194 5464 3265 5522 vx,
3293 5454 3369 5504 w.
