4185 6288
1165 404 1538 473 msrmcr.
1582 403 1736 470 xvi.
1780 402 1962 470 ΛΒΤ.
2010 406 2087 470 11.
2134 406 2438 485 QUAEST.
2486 352 2591 475 Ill.

309 537 601 605 cedendae
640 541 791 602 sunt
829 538 1104 604 rationes
1145 539 1226 605 ad
1263 540 1431 605 hanc
1454 543 1705 623 partem
1730 539 1833 604 in·

300 647 522 711 ductae.
554 643 654 708 Ad
690 644 965 709 rationes
983 663 1139 711 vero
1161 647 1238 711 ad
1261 648 1621 730 oppositum
1650 646 1831 711 facile

298 757 385 816 est
408 770 523 834 per
545 770 645 830 ea,
676 770 823 834 quae
848 751 1013 817 dicta
1038 756 1209 833 sunt,
1242 754 1642 838 respondere.

374 860 430 921 1.
465 858 565 923 Ad
595 857 753 923 illud
780 858 949 941 quod
974 860 1184 942 primo
1210 861 1509 943 objicitur
1534 861 1611 925 de
1638 864 1827 942 raptu

295 964 504 1041 Pauli,
536 965 882 1030 dicendum
910 966 1079 1050 quod
1107 986 1236 1033 non
1276 973 1370 1033 est
1410 967 1636 1046 simile,
1671 968 1827 1050 quia

294 1069 526 1136 Paulus
555 1091 689 1137 non
716 1072 919 1155 potuit
944 1074 1035 1137 sic
1058 1074 1294 1140 babere
1333 1092 1523 1140 usum
1566 1075 1825 1140 viatoris

292 1184 350 1243 et
396 1179 948 1263 comprehensoris
976 1229 995 1259 ‚
1036 1183 1386 1248 secundum
1429 1184 1598 1267 quod
1644 1182 1825 1248 Chri-

290 1292 440 1363 stus,
474 1288 597 1370 qui
624 1292 760 1352 erat
787 1288 980 1352 homo
1006 1293 1072 1353 et
1096 1288 1279 1354 Deus.

363 1398 423 1457 2.
454 1394 557 1458 Ad
588 1394 748 1458 illud
776 1395 945 1477 quod
970 1395 1288 1478 obJ'icitur,
1317 1396 1487 1480 quod
1506 1397 1822 1462 contraria

285 1523 408 1569 non
448 1508 726 1586 possunt
764 1504 966 1569 inesse
1001 1504 1205 1569 eidem
1225 1555 1243 1584 ‚
1276 1506 1635 1583 dicendum,
1661 1506 1825 1570 sicut

284 1611 523 1674 dictum
555 1615 674 1689 est,
712 1611 881 1694 quod
908 1612 1085 1677 dolor
1114 1616 1177 1676 et
1205 1613 1518 1694 gaudium
1544 1614 1611 1676 in
1637 1613 1820 1677 Chri-

283 1722 377 1780 sto
403 1735 539 1781 non
566 1716 882 1781 habebant
903 1719 1433 1797 contrarietatem,
1457 1720 1588 1785 imo
1611 1739 1818 1785 unum

282 1826 414 1887 erat
431 1823 765 1887 materiale
783 1831 1072 1908 respectu
1100 1826 1392 1906 alterius;
1414 1828 1566 1911 quia
1588 1845 1670 1892 ex
1696 1829 1819 1892 hoc

283 1930 416 2012 ipso
446 1930 745 1996 Christus
769 1932 1087 2013 gaudebat
1112 1934 1184 1998 in
1210 1934 1498 2012 Domino,
1532 1935 1702 2018 quod
1737 1936 1815 2017 (a)

280 2038 595 2103 sentiebat
621 2057 689 2102 se
716 2040 844 2122 pati
871 2045 934 2104 et
960 2041 1171 2107 dolere
1201 2060 1315 2125 pro
1347 2043 1631 2107 Domino,

358 2151 418 2211 3.
451 2147 554 2211 Ad
584 2147 742 2213 illud
769 2149 938 2231 quod
965 2150 1285 2234 objicitur,
1314 2152 1485 2235 quod
1504 2152 1817 2233 gaudium

280 2253 479 2319 dolori
494 2255 983 2338 impermixtum
1013 2263 1107 2323 est
1120 2259 1328 2340 magis
1351 2260 1697 2339 intensum,
1720 2261 1818 2325 di-

279 2363 559 2427 cendum
601 2364 772 2446 quod
805 2383 1037 2429 verum
1068 2369 1164 2429 est
1189 2365 1267 2430 de
1294 2367 1508 2431 dolore
1530 2368 1818 2451 opposito

278 2469 521 2549 gaudio
549 2489 568 2547 ;
616 2470 727 2534 sed
767 2470 845 2535 de
884 2471 1098 2536 dolore
1143 2473 1254 2554 qui
1292 2472 1399 2537 dat
1424 2475 1815 2540 occasionem

278 2574 605 2656 gaudendi
623 2623 646 2653 ‚
679 2592 808 2640 non
842 2582 1089 2660 oportet
1123 2577 1280 2644 illud
1318 2579 1549 2644 habere
1574 2581 1814 2645 verita-

279 2684 445 2747 tem:
484 2685 553 2746 et
588 2680 732 2748 ideo
758 2682 826 2747 in
857 2685 1179 2768 proposito
1203 2704 1334 2752 non
1360 2688 1677 2753 concludit
1705 2690 1815 2755 illa

273 2788 458 2853 ratio.

354 2898 415 2959 4.
447 2895 549 2960 Ad
577 2894 734 2960 illud
761 2897 932 2979 quod
963 2897 1280 2980 objicitur,
1301 2900 1471 2984 quod
1494 2901 1814 2969 beatitudo

276 3002 623 3085 opponitur
664 3003 940 3069 miseriae
993 3008 1349 3072 secundum
1390 3010 1559 3092 quod
1605 3011 1815 3092 gratia

274 3110 505 3194 culpae,
535 3110 875 3177 dicendum
896 3113 1065 3196 quod
1094 3131 1323 3179 verum
1349 3117 1640 3200 estquod
1671 3117 1813 3184 bea-

271 3215 476 3281 titudo
506 3217 785 3282 miseriae
825 3220 1169 3301 opponitur
1205 3224 1558 3288 secundum
1600 3222 1809 3306 legem

269 3341 682 3388 communem
701 3372 720 3401 ,
761 3330 823 3390 et
849 3344 981 3390 non
1017 3328 1332 3411 reperitur
1371 3330 1437 3393 in
1474 3332 1690 3415 aliquo
1723 3334 1812 3397 si-

270 3430 407 3494 mul
435 3430 643 3511 gloria
667 3449 818 3496 cum
851 3433 1150 3498 miseria:
1182 3438 1246 3499 et
1272 3438 1433 3502 ratio
1460 3438 1658 3522 hujus
1690 3443 1806 3518 est,

268 3536 424 3619 quia
450 3539 894 3622 unusquisque
923 3545 1016 3606 est
1043 3542 1111 3605 in
1151 3561 1283 3607 uno
1310 3548 1481 3609 statu
1501 3593 1519 3624 ,
1569 3561 1699 3609 non
1741 3546 1810 3609 in

271 3644 532 3727 duplici.
580 3644 702 3711 Sed
748 3649 1054 3730 quoniam
1120 3649 1403 3717 Christus
1454 3653 1523 3716 in
1571 3654 1810 3737 duplici

269 3753 440 3814 statu
490 3757 628 3817 erat
645 3800 663 3832 ,
709 3755 810 3819 vel
849 3757 1031 3839 quasi
1076 3757 1384 3822 rationem
1424 3761 1675 3824 tenebat
1699 3762 1812 3826 du·

270 3857 450 3940 plicis
494 3878 823 3941 personam
854 3863 1016 3928 sicut
1061 3863 1130 3927 in
1173 3863 1421 3930 Christo
1466 3872 1666 3931 status
1715 3874 1810 3934 est

272 3967 738 4048 compossibilia
785 3969 975 4033 statui
1031 3970 1168 4035 sine
1224 3974 1669 4054 repugnantia,
1720 3975 1811 4040 sic

272 4071 621 4139 beatitudo
644 4093 793 4139 cum
836 4077 1110 4143 miseria.
1149 4075 1278 4144 Nec
1310 4083 1403 4144 est
1427 4079 1632 4144 simile
1661 4098 1809 4146 om-

274 4179 431 4244 nino
465 4180 544 4245 de
571 4183 778 4263 gratia
805 4193 869 4249 et
894 4184 1109 4267 culpa,
1144 4186 1296 4268 quia
1316 4203 1446 4250 non
1466 4188 1811 4271 respiciunt

274 4285 560 4352 diversos
606 4293 807 4361 status
827 4338 845 4370 ,
878 4291 985 4355 sed
1011 4291 1244 4357 directe
1277 4293 1513 4357 habent
1554 4295 1809 4378 opposi-

276 4392 515 4458 tionem
574 4398 638 4459 et
681 4384 1372 4480 incompossibilitatem
1414 4421 1430 4464 ε
1471 4400 1595 4466 nisi
1645 4402 1806 4468 rorte

275 4499 423 4579 quis
460 4500 773 4584 intelligat
815 4504 892 4568 de
921 4505 1106 4588 culpa
1145 4506 1401 4586 veniali,
1427 4525 1575 4591 quae
1599 4507 1671 4573 in
1698 4528 1808 4575 eo-

276 4602 420 4666 dem
466 4609 668 4688 potest
702 4608 891 4673 simul
928 4611 1191 4693 reperiri
1228 4629 1378 4676 cum
1404 4612 1633 4694 gratia,
1661 4632 1808 4697 quae

276 4725 405 4773 nou
443 4708 635 4775 habet
671 4715 1129 4796 oppositionem
1161 4717 1501 4798 directam3
1530 4720 1809 4803 expelle·

275 4820 453 4881 tetur
499 4823 713 4884 autem
753 4823 1015 4888 omnino
1062 4824 1326 4889 venialis
1373 4826 1560 4910 culpa
1581 4875 1599 4905 ,
1655 4846 1806 4893 cum

274 4925 601 5006 perficitur
623 4929 833 5010 gratia
862 4952 878 4995 :
912 4931 1003 4996 sic
1032 4937 1094 4997 et
1126 4951 1163 4997 a
1188 4932 1432 4999 Christo
1456 4934 1661 5001 ablata
1686 4920 1806 5002 ruit

272 5032 580 5115 passionis
641 5036 900 5103 miseria
921 5086 941 5118 ,
997 5057 1146 5104 cum
1195 5046 1635 5107 consummata
1687 5042 1808 5108 mit

273 5139 413 5221 ejus
436 5140 666 5223 gloria.

336 5303 352 5335 ¹
372 5302 454 5362 Cf.
476 5308 529 5354 S.
548 5305 750 5363 Thom„
769 5319 820 5369 p.
848 5307 929 5367 ΙΙΙ,
955 5321 1005 5371 q.
1025 5318 1109 5369 ιν,
1132 5313 1227 5359 art.
1248 5314 1295 5373 5,
1317 5316 1369 5362 et
1389 5328 1439 5377 q.
1463 5324 1606 5367 xcvi.
1628 5318 1722 5363 art.
1742 5318 1803 5377 ὃς

276 5375 325 5423 et
363 5374 425 5426 m
456 5375 614 5441 Sene„
636 5376 752 5431 dist.
791 5387 878 5439 ιν,
916 5391 966 5449 q.
1001 5390 1064 5447 ιι,
1103 5384 1198 5434 art.
1223 5382 1285 5444 3,
1327 5396 1377 5447 q.
1410 5395 1457 5447 13
1493 5382 1801 5441 aichardus.

3355 418 3465 480 36¹

2016 544 2076 605 Β.
2109 542 2209 607 Ad
2246 542 2405 608 illud
2441 544 2615 627 quod
2653 545 2967 628 objicitur,
2997 545 3167 631 quod
3195 551 3476 631 potentia

1934 645 2040 712 illa
2076 648 2343 732 simplex
2397 655 2491 716 est
2512 699 2529 727 ‚
2560 650 2898 717 dicendum
2943 656 3112 738 quod
3131 704 3149 735 ,
3176 658 3472 740 quamvis

1934 763 2047 828 per
2072 751 2369 812 naturam
2398 751 2677 831 potentia
2705 751 2973 834 simplex
3011 772 3142 819 non
3166 756 3363 837 possit
3389 758 3469 821 ad

1931 852 2182 919 diversa
2217 858 2533 937 converti,
2574 861 2796 923 tamen·
2828 877 2944 942 per
2981 859 3465 928 deiformitatem

1930 960 2155 1041 gloriae
2184 963 2478 1045 possibile
2515 969 2611 1028 est
2649 965 2805 1030 adeo
2833 968 3147 1051 ampliari,
3174 973 3249 1033 ut
3274 968 3467 1033 simul

1931 1066 2127 1149 possit
2159 1068 2239 1132 ad
2269 1069 2519 1135 diversa
2561 1073 2843 1137 converti
2863 1122 2884 1153 ,
2930 1078 2994 1140 et
3018 1074 3185 1139 circa
3216 1074 3466 1140 diversa

1929 1178 2095 1243 affici
2124 1200 2139 1244 ε
2170 1183 2233 1243 et
2268 1180 2358 1244 sic
2388 1180 2455 1245 in
2484 1182 2690 1265 patria
2714 1185 2835 1248 erit
2862 1184 3227 1269 aliquando,
3295 1187 3464 1251 inte-

1928 1284 2345 1367 telligendum
2369 1288 2563 1353 etiam
2590 1292 2684 1355 est
2708 1291 2899 1356 fuisse
2924 1293 2995 1357 in
3023 1291 3290 1359 Christo.

2007 1397 2067 1457 6.
2123 1393 2220 1460 Ad
2269 1395 2427 1460 illud
2466 1397 2639 1479 quod
2678 1397 2981 1480 objicitur
3004 1448 3022 1479 ,
3078 1400 3250 1483 quod
3302 1400 3464 1466 ratio

1924 1500 2216 1582 superior
2257 1519 2385 1566 non
2424 1502 2657 1568 dicitur
2690 1504 2810 1568 nisi
2847 1505 2915 1569 in
2953 1509 3268 1588 quantum
3310 1525 3465 1571 oon-

1926 1607 2200 1671 vertitur
2226 1608 2305 1673 ad
2339 1610 2700 1692 superiora,
2743 1611 3083 1677 dicendum
3127 1611 3301 1694 quod
3340 1613 3463 1679 hoc

1926 1732 2055 1779 non
2085 1720 2180 1779 est
2200 1733 2453 1794 verum,
2484 1736 2601 1800 pro
2628 1736 2704 1782 eo
2744 1717 2914 1800 quod
2948 1718 3028 1781 ad
3068 1718 3463 1801 superiorem

1926 1821 2278 1904 portionem
2298 1824 2562 1888 rationis
2577 1827 2813 1907 spectat
2829 1841 3056 1905 regere
3072 1824 3459 1907 interiorem,

1926 1933 1988 1994 et
2015 1946 2210 2012 penes
2235 1931 2439 2014 ipsam
2468 1932 2695 1997 residet
2715 1931 3005 2013 regimen
3029 1936 3091 1996 et
3113 1932 3201 1996 im
3207 1933 3460 2016 perium

1925 2041 2212 2119 respectu
2241 2038 2533 2103 omnium
2561 2039 2985 2121 potentiarum
3027 2039 3282 2120 animae,
3312 2060 3461 2123 quae

1923 2147 2071 2207 sunt
2100 2143 2313 2226 aliquo
2342 2144 2530 2209 modo
2561 2145 2786 2209 rationi
2817 2144 3230 2224 obaudibiles,
3275 2151 3339 2211 et
3374 2147 3464 2212 ita

1926 2265 2037 2330 per
2061 2249 2325 2315 modum
2360 2253 2603 2315 naturae
2640 2251 2977 2332 colligatur
3005 2253 3297 2334 potentiis
3324 2254 3465 2318 aliis

1922 2362 1984 2422 et
2011 2357 2132 2441 ipsi
2167 2360 2415 2442 corpori
2451 2359 2737 2425 humano
2753 2408 2772 2438 ‚
2816 2365 3123 2442 tanquam
3168 2361 3461 2444 perfecti-

1922 2463 2031 2527 bili
2075 2483 2094 2528 τ
2138 2469 2201 2529 et
2240 2464 2383 2530 ideo
2425 2467 2554 2549 pati
2599 2466 2810 2544 habet,
2849 2485 3111 2549 corpore
3156 2467 3453 2549 patiente.

1921 2570 2100 2649 Quod
2127 2578 2340 2637 autem
2367 2574 2616 2652 dicitur,
2647 2574 2818 2658 quod
2849 2575 3011 2640 ratio
3037 2576 3327 2658 superior
3360 2581 3456 2642 at·

1925 2680 2203 2745 tenditur
2235 2681 2589 2746 secundum
2629 2686 2953 2766 aspectum
2990 2683 3069 2747 ad
3100 2684 3454 2766 superiora,

1926 2787 2047 2851 hoc
2098 2787 2332 2852 dicitur
2370 2794 2681 2871 quantum
2729 2789 2807 2853 ad
2857 2792 3000 2872 ejus
3046 2789 3458 2873 principalem

1924 2899 2160 2972 actum,
2212 2913 2346 2959 non
2389 2896 2560 2980 quod
2604 2896 2981 2963 excludatur
3026 2896 3355 2964 conversio
3392 2901 3456 2962 et

1919 3000 2282 3083 colligantia
2308 3002 2505 3086 ipsius
2533 3003 2615 3069 ad
2646 3003 2966 3069 inferiora.

2434 3228 2791 3307 QUAESTIO
2833 3231 2943 3296 111.

1917 3397 2009 3454 An
2038 3400 2101 3453 in
2138 3395 2347 3457 Christo
2378 3398 2532 3456 dolor
2553 3401 2723 3469 naa-it
2760 3402 3025 3457 intensior
3048 3403 3113 3457 tn
3147 3401 3448 3471 rationali,

2409 3492 2508 3545 aut
2540 3489 2603 3544 in
2633 3488 2882 3546 sensibili
2910 3487 2950 3545 ¹.

1995 3645 2069 3711 ln
2105 3666 2235 3730 qua
2279 3652 2456 3731 parte
2503 3649 2738 3712 animae
2783 3646 3008 3713 Christi
3042 3647 3236 3712 ruerit
3274 3645 3453 3713 dolor
3483 3683 3690 3727 punam..

1914 3754 2244 3833 intensior,
2285 3759 2504 3819 utrum
2548 3755 2616 3817 in
2651 3759 2829 3837 parte
2858 3753 3184 3836 rationali,
3222 3759 3335 3819 aut
3384 3755 3451 3820 in

1915 3864 2094 3942 parte
2135 3861 2449 3941 sensibili3
2489 3865 2555 3926 et
2597 3862 2769 3944 quod
2809 3862 2879 3925 in
2923 3866 3103 3944 parte
3127 3860 3405 3926 sensibili
3430 3909 3448 3939 ,

1915 3969 2170 4033 videtur
2204 3988 2222 4034 ε
2260 3967 2416 4033 illud
2444 3968 2654 4049 magis
2697 3969 2936 4051 patitur
2979 3967 3058 4033 ad
3100 3967 3452 4051 potentiam

1914 4075 2280 4157 affligentis,
2325 4075 2498 4159 quod
2550 4074 2760 4155 magis
2808 4078 2904 4139 est
2939 4073 3231 4157 passibile
3280 4093 3299 4138 ε
3343 4076 3453 4141 sed

1915 4184 2287 4250 sensualitas
2309 4184 2378 4248 in
2406 4183 2648 4251 Christo
2686 4187 2821 4248 erat
2864 4182 3071 4265 magis
3110 4181 3450 4266 passibilis,

1915 4311 2112 4376 quam
2138 4294 2276 4377 ipsa
2299 4291 2464 4357 ratio
2509 4312 2527 4356 ε
2566 4308 2723 4373 ergo
2750 4294 2887 4356 erat
2926 4288 3215 4371 fragilior
3245 4311 3262 4354 ε
3292 4307 3451 4371 ergo

1912 4401 2169 4466 videtur
2232 4401 2403 4485 quod
2480 4400 2691 4483 magis
2767 4398 3171 4481 affligebatur
3235 4398 3451 4463 anima

1915 4506 2140 4574 Christi
2179 4507 2531 4574 secuudum
2555 4507 3048 4583 sensualitatem,
3074 4522 3269 4588 quam
3291 4504 3449 4569 affli-

1913 4623 2174 4700 geretur
2199 4618 2550 4684 secundum
2574 4617 2911 4681 rationem.

1991 4725 2173 4805 Item,
2203 4743 2394 4789 omne
2420 4723 2577 4788 illud
2603 4722 2775 4805 quod
2805 4720 3013 4803 magis
3046 4719 3115 4783 in
3151 4718 3448 4803 patiendo

1912 4851 1952 4898 a
1984 4831 2407 4896 consolatione
2448 4829 2810 4910 elongatur,
2855 4826 3064 4908 magis
3104 4825 3341 4910 patitur
3384 4829 3449 4891 et

1910 4937 2219 5020 affligitur
2256 4956 2275 5002 ε
2307 4936 2415 5001 sed
2449 4934 2819 5001 sensualitas
2858 4934 3000 5016 plus
3038 4932 3366 4998 recedebat
3406 4951 3447 4998 a

1911 5044 2151 5126 gaudio
2176 5044 2247 5108 in
2277 5042 2562 5125 passione
2576 5089 2595 5121 ‚
2627 5057 2826 5123 quam
2861 5039 3000 5123 ipsa
3036 5039 3199 5105 ratio
3216 5087 3235 5120 ,
3281 5040 3448 5106 sicut

1912 5149 2321 5217 manifestum
2347 5151 2480 5215 est:
2507 5165 2691 5228 erg0,
2721 5150 2842 5211 etc.

1915 5314 1975 5363 ΙΙΙ
2020 5313 2178 5375 Sene„
2220 5311 2336 5361 dist.
2376 5321 2468 5372 xv,
2507 5313 2601 5359 art.
2650 5313 2695 5366 4,
2748 5323 2799 5371 q.
2842 5320 2879 5371 1,
2907 5309 3198 5372 Stephanus
3226 5307 3440 5369 Brules„

1914 5386 1976 5437 lt!
2001 5385 2157 5447 Seru„
2181 5384 2298 5439 dist.
2326 5393 2435 5445 xvt,
2462 5395 2512 5451 q.
2544 5392 2616 5432 vi.
2638 5408 2698 5419 -
2722 5382 2789 5445 (α)
2812 5380 2890 5432 Al.
2915 5394 3035 5446 quo.
