4185 6288
800 460 921 521 sm
1915 443 2539 518 sunranmatm
2578 451 2727 518 Lm.
2773 452 2881 518 111.
2931 521 2949 540 ‚

797 592 993 659 illum
1021 589 1138 659 ubi
1165 588 1531 657 dilectionis
1554 595 1688 657 tuae
1715 587 2114 657 mctissimus
2138 587 2292 656 finis
2318 595 2449 676 est3
2482 610 2618 657 non
2644 595 3010 659 succenseat
3036 589 3208 658 alius
3253 588 3500 681 aliquis
3540 587 3781 671 homo,
3829 585 3885 654 si
3921 594 3977 654 te

798 706 1018 796 ipsum
1065 712 1330 796 propter
1368 703 1580 773 Deum
1631 703 1876 794 diligis.
1935 704 2157 796 Hujus
2208 704 2574 774 dilectionis
2610 705 2882 775 modum
2924 706 3183 776 Veritas
3227 706 3566 791 insinuat,
3624 705 3850 774 dicens
3890 711 3911 746 ¹
3958 728 3973 770 ι

802 820 1207 892 Mandatum
1235 843 1478 889 novum
1504 818 1588 888 do
1630 820 1849 903 vobiS,
1901 833 1975 889 ut
2022 819 2325 912 diliqatis
2363 823 2679 908 invicem,
2722 824 2892 891 sicut
2938 821 3147 892 dilexi
3178 846 3290 891 vos
3314 876 3331 909 ‚
3374 823 3443 891 id
3483 830 3618 909 est,
3676 824 3765 890 ad
3814 819 3982 912 quod

801 937 1004 1007 dilexi
1028 958 1170 1023 vos,
1201 936 1443 1004 scilicet
1469 944 1545 1005 ut
1576 936 1697 1004 filii
1727 936 1893 1022 sitis,
1926 944 1990 1005 et
2017 937 2220 1005 vitam
2249 937 2541 1006 habeatis
2563 944 2611 1005 ⁹.

691 1069 774 1162 213
878 1052 1269 1146 ,Dilectionis
1314 1058 1534 1121 autem
1576 1050 1694 1119 Dei
1744 1052 1979 1121 modus
2023 1052 2425 1138 insinuatur,
2475 1075 2628 1122 cum
2683 1055 2973 1124 dicitur:
3029 1058 3142 1124 Ea·
3182 1068 3318 1124 toto
3364 1054 3576 1141 corde,
3628 1055 3700 1124 id
3757 1064 3880 1139 est,
3913 1077 3986 1122 ex

661 1196 688 1225 υ
736 1212 745 1223 ·
804 1177 938 1239 toto
982 1168 1366 1238 intellectu:
1412 1171 1524 1236 Ex
1563 1180 1705 1236 tota
1745 1169 2015 1256 anima,
2065 1168 2133 1237 id
2173 1176 2290 1255 est,
2347 1190 2428 1237 ex
2481 1176 2617 1238 tota
2668 1171 3058 1240 voluntate:
3106 1173 3218 1240 Ex
3264 1184 3407 1240 tota
3450 1182 3701 1257 mente,
3751 1170 3824 1239 id
3868 1179 3983 1256 est,

804 1286 1121 1354 memoria
1152 1310 1168 1352 :
1209 1311 1243 1350 α
1268 1283 1357 1354 Ut
1381 1284 1404 1321 ⁸
1430 1306 1657 1353 omnes
1686 1284 2136 1374 cogitationes,
2172 1292 2237 1353 et
2263 1307 2526 1353 omnem
2553 1285 2782 1372 vitam,
2835 1295 2900 1354 et
2927 1309 3190 1357 omnem
3231 1288 3638 1356 intellectum
3678 1287 3757 1354 in
3804 1286 3987 1355 illum

801 1403 1117 1488 conferas,
1167 1425 1206 1470 a
1246 1423 1382 1494 quo
1418 1401 1617 1470 haboe
1657 1422 1734 1469 ea
1778 1423 1927 1491 quae
1974 1400 2229 1469 confers
2271 1400 2398 1469 illi.
2446 1401 2599 1471 Haec
2637 1401 2860 1471 dicens
2883 1454 2901 1490 ,
2948 1404 3207 1473 nullam
3257 1412 3506 1495 partem
3557 1404 3716 1472 vitae
3764 1411 3988 1472 nostrae

803 1519 1113 1610 reliquit,
1158 1540 1305 1609 quae
1350 1540 1578 1587 vacare
1616 1516 1886 1602 debeat;
1932 1515 2043 1584 sed
2088 1515 2421 1609 quidquid
2473 1518 2727 1586 venerit
2771 1518 2842 1586 in
2881 1520 3208 1607 animum,
3255 1520 3417 1588 illuc
3472 1519 3816 1612 rapiatur,
3868 1541 3990 1611 quo

803 1633 1165 1703 dilectionis
1189 1634 1474 1726 impetus
1500 1631 1730 1702 currit.
1768 1659 1802 1697 »
1834 1633 1917 1701 Et
1942 1632 2217 1722 diligere
2254 1632 2467 1701 Deum
2515 1642 2778 1725 propter
2816 1657 2885 1703 se
2907 1686 2926 1722 ,
2973 1636 3208 1705 modus
3249 1645 3345 1705 est
3383 1635 3712 1727 diligendi
3759 1635 3986 1704 Deum.

806 1751 887 1819 Et
912 1759 1066 1821 sunt
1090 1750 1197 1818 isti
1225 1750 1359 1820 duo
1389 1749 1565 1818 modi
1594 1747 1918 1839 diligendi
1943 1748 2181 1833 Deum,
2212 1757 2287 1816 ut
2314 1749 2710 1840 quibusdam
2736 1750 2969 1841 placet.

892 1866 1065 1937 Illud
1092 1875 1312 1935 autem
1338 1874 1734 1958 praeceptum
1765 1888 1898 1934 non
1930 1865 2192 1955 penitus
2216 1864 2532 1955 impletur
2558 1866 2640 1933 ab
2669 1866 2935 1937 homine
2976 1867 3047 1935 in
3095 1868 3216 1937 hac
3255 1869 3517 1938 mortali
3545 1869 3689 1938 vita
3710 1922 3730 1952 ,
3774 1869 3886 1938 sed
3921 1853 3994 1936 εἰ

809 1993 1015 2077 parte,
1046 2006 1178 2053 non
1198 2006 1279 2051 ex
1306 1991 1440 2051 toto
1460 2008 1477 2063 ;
1510 1983 1669 2073 quia
1693 2004 1774 2050 ex
1799 1988 1979 2071 parte
1998 1980 2361 2069 diligimus,
2385 1981 2551 2049 sicut
2577 1996 2866 2074 exparte
2882 1986 3329 2075 coquoscimus
3349 1987 3397 2071 ⁴3
3429 1985 3501 2053 in
3523 1984 3764 2053 futuro
3783 1995 3994 2053 autem

808 2100 1190 2193 implebitur
1216 2123 1298 2168 ex
1326 2106 1482 2167 toto.
1514 2097 1706 2166 Unde
1751 2097 2170 2185 Augustinus
2215 2109 2237 2144 ⁸
2289 2124 2304 2165 ε
2355 2122 2390 2162 α
2435 2097 2603 2165 Cum
2649 2098 2865 2167 adhuc
2898 2107 2992 2168 est
3036 2101 3287 2193 aliquid
3333 2100 3618 2169 carnalis
3662 2104 3998 2195 concupis-

809 2218 1056 2302 centiae,
1088 2238 1222 2285 non
1250 2215 1430 2284 omni
1457 2214 1650 2282 modo
1678 2236 1758 2282 ex
1786 2221 1921 2281 tota
1948 2213 2170 2281 anima
2196 2211 2497 2302 diligitur
2523 2212 2720 2281 Deus.
2754 2215 2919 2284 Caro
2947 2223 3167 2284 autem
3197 2239 3328 2285 non
3374 2217 3620 2288 dicitur
3661 2220 3997 2312 concupis-

809 2356 977 2418 cere,
1005 2333 1131 2400 nisi
1158 2332 1314 2424 quia
1340 2330 1562 2399 anima
1588 2328 1938 2398 carnaliter
1964 2328 2384 2420 concupiscit.
2416 2328 2584 2397 Cum
2611 2338 2832 2398 autem
2863 2332 3115 2399 venerit
3143 2332 3319 2424 quod
3344 2334 3720 2425 perfectum
3748 2346 3848 2404 est
3866 2391 3883 2424 ,
3929 2347 3998 2405 ut

811 2450 1186 2519 destruatur
1213 2447 1390 2539 quod
1420 2470 1502 2515 ex
1531 2455 1713 2539 parte
1742 2452 1862 2530 est,
1895 2444 1961 2513 id
1991 2451 2111 2530 est,
2142 2451 2217 2512 ut
2232 2442 2372 2535 jam
2399 2467 2533 2513 non
2556 2467 2638 2513 ex
2665 2454 2847 2538 parte
2892 2446 3006 2534 sit,
3057 2448 3169 2518 sed
3210 2472 3292 2518 ex
3326 2459 3502 2538 toto;
3553 2453 3850 2522 charitas
3877 2477 3995 2523 non

814 2567 1172 2651 auferetur,
1204 2565 1315 2633 sed
1342 2564 1696 2654 augebitur
1720 2572 1785 2631 et
1821 2561 2228 2653 implebitur.
2278 2561 2354 2628 In
2400 2584 2533 2653 qua
2578 2562 2987 2654 plenitudine
3024 2564 3193 2633 illud
3232 2575 3632 2660 praeceptum
3667 2569 3999 2638 charitatis

818 2682 1198 2775 implebitur
1222 2691 1243 2725 ⁸
1278 2706 1295 2748 ε
1327 2682 1577 2772 Diliqes
1603 2678 1966 2747 Dominum
1993 2680 2206 2746 Deum
2237 2689 2425 2745 tuum
2472 2701 2553 2745 ex
2596 2689 2732 2745 toto
2784 2678 3012 2766 corde,
3058 2688 3178 2749 etc.
3210 2680 3398 2750 Tunc
3438 2683 3567 2751 erit
3594 2683 3832 2774 justus
3872 2686 4000 2754 sine

821 2808 1099 2893 peccato,
1128 2798 1288 2890 quia
1313 2797 1503 2866 nulla
1530 2797 1655 2865 erit
1679 2796 1785 2863 lex
1811 2816 2188 2886 repugnans
2215 2793 2440 2863 menti.
2475 2795 2663 2862 Tunc
2691 2817 2957 2887 prorsus
2984 2804 3120 2866 toto
3159 2798 3351 2868 corde
3370 2852 3388 2886 ,
3422 2807 3559 2868 tota
3584 2802 3846 2890 anima,
3885 2813 4004 2871 tots

824 2925 1037 2985 mente
1061 2915 1294 3004 diliges
1321 2913 1530 2982 Deum
1566 2937 1581 2980 z
1612 2910 1788 3002 quod
1812 2919 1907 2978 est
1934 2932 2270 2978 summum
2294 2919 2714 3002 praeceptum.
2815 2941 2818 2942 ⁷

920 3057 955 3096 ι(
983 3030 1110 3099 Sed
1136 3053 1256 3098 cur
1283 3030 1654 3122 praecipitur
1680 3026 1934 3096 homini
1961 3027 2084 3094 ista
2115 3026 2452 3117 perfectio,
2485 3027 2735 3096 cumin
2762 3027 2883 3096 hac
2909 3028 3046 3097 vita
3089 3052 3234 3099 eam
3280 3054 3475 3102 nemo
3513 3033 3808 3104 habeat?
3847 3037 4005 3118 Quia

783 3167 795 3207 i
826 3171 959 3217 non
989 3157 1156 3216 recte
1182 3147 1496 3230 curritur,
1529 3144 1745 3236 siquo
1771 3141 2174 3212 currendum
2203 3124 2322 3227 est,
2352 3143 2702 3212 nesciatur.
2739 3143 3084 3226 Quomodo
3125 3157 3344 3217 autem
3380 3150 3689 3237 sciretur,
3721 3154 3780 3221 si
3812 3155 4006 3252 nullis

766 3259 778 3270 ”
828 3264 1160 3357 praeceptis
1185 3263 1677 3332 ostenderetur?
1706 3286 1740 3326 »
1773 3260 1936 3327 Ecce
1959 3258 2160 3328 habes
2186 3281 2306 3328 cur
2348 3259 2518 3328 illud
2546 3269 2942 3352 praeceptum
2969 3271 3087 3349 est,
3118 3263 3297 3355 quod
3327 3264 3432 3333 hic
3457 3268 3728 3357 penitus
3752 3252 4007 3362 impleri

827 3403 959 3450 non
987 3388 1217 3472 potest.
1251 3379 1570 3469 Impletur
1600 3386 1816 3445 tamen
1842 3398 1919 3443 ex
1952 3384 2160 3467 parte,
2192 3375 2434 3443 scilicet
2460 3376 2821 3445 secundum
2855 3378 3316 3469 perfectionem
3347 3382 3495 3451 viae.
3528 3384 3688 3452 Alia
3715 3394 3816 3453 est
3838 3389 4006 3453 enim

826 3496 1130 3588 perfectio
1156 3494 1504 3578 currentis»,
1536 3492 1667 3560 alia
1690 3492 2157 3584 pervenientis.
2197 3490 2382 3559 Facit
2427 3491 2550 3560 hoc
2591 3492 2975 3561 mandatum
3020 3503 3098 3563 ut
3137 3518 3400 3584 cursor,
3446 3500 3567 3590 qui
3606 3500 3827 3570 Deum
3865 3511 4008 3570 ante

827 3613 1051 3683 omnia
1074 3621 1140 3681 et
1165 3633 1296 3703 prae
1325 3610 1629 3679 omnibus
1654 3608 1896 3697 diligit,
1928 3629 2045 3675 nec
2069 3616 2292 3676 tamen
2317 3608 2588 3676 omnino
2616 3608 2890 3699 perficit.

925 3755 961 3794 α
988 3728 1156 3797 Cum
1183 3736 1404 3796 autem
1431 3733 1452 3768 ⁷
1482 3727 1615 3794 duo
1642 3724 1774 3792 sint
1803 3732 2122 3816 praecepta
2145 3722 2512 3810 eharitatis,
2542 3746 2662 3815 pro
2689 3734 2971 3819 utroque
2997 3749 3163 3821 saepe
3191 3752 3401 3799 unum
3447 3733 3725 3825 ponitur
3747 3761 3766 3821 ;
3814 3761 3852 3801 ι
3902 3756 4014 3805 nee

832 3846 1158 3915 immerito
1184 3897 1202 3931 ,
1246 3845 1405 3937 quia
1448 3865 1569 3913 nec
1612 3841 1785 3911 Deus
1824 3843 1964 3910 sine
2006 3841 2336 3933 proximo,
2397 3863 2517 3909 nec
2558 3842 2896 3933 proximus
2939 3844 3081 3913 sine
3120 3844 3253 3915 Deo
3298 3846 3487 3938 diligi
3536 3857 3774 3941 potest.
3830 3853 4015 3922 Unde

772 3958 805 4037 ,’
832 3963 1184 4056 Apostolus
1210 3984 1404 4031 omne
1432 3960 1818 4028 mandatum
1846 3957 2011 4045 legis
2037 3957 2196 4025 dicit
2230 3954 2253 3989 ⁸
2289 3958 2683 4044 instaurari,
2734 3958 2801 4026 id
2841 3967 2966 4048 est,
3010 3963 3330 4031 contineri
3371 3971 3436 4033 et
3469 3965 3737 4058 impleri
3781 3969 3861 4036 in
3901 3969 4014 4038 hoe

831 4079 1031 4147 verbo
1091 4103 1107 4145 ε
1154 4079 1402 4169 Diliqes
1442 4077 1825 4168 proximum
1872 4086 2096 4155 tuum,
2147 4074 2319 4142 sicut
2365 4074 2666 4165 teipsmn.
2737 4073 2821 4142 Et
2885 4076 3181 4146 Christus
3234 4078 3650 4150 dilectionem
3732 4085 4014 4175 proximi

827 4195 1170 4287 specialius
1197 4201 1671 4277 conmemorat,
1720 4191 1941 4260 dicens
1983 4192 2007 4226 ⁹
2056 4214 2072 4257 ε
2125 4189 2527 4261 Mandatum
2562 4214 2806 4259 novum
2852 4191 2936 4260 do
2980 4193 3192 4278 vobis,
3239 4211 3316 4264 ut
3355 4196 3656 4290 diliqatis
3700 4201 4009 4271 invicem.

826 4312 998 4379 sicut
1022 4309 1229 4378 dileoei
1250 4332 1386 4394 vos.
1428 4333 1463 4374 α
1493 4310 1534 4349 '⁰
1559 4307 1688 4376 Ubi
1715 4305 1885 4375 illud
1916 4305 2131 4397 majus
2153 4306 2537 4375 mandatum
2576 4306 2940 4376 dilectionis
2975 4308 3093 4378 Dei
3137 4312 3398 4381 videtur
3440 4318 3966 4406 praetermissum
3996 4345 4012 4385 ε

828 4428 938 4495 sed
972 4426 1137 4494 bene
1163 4424 1685 4514 intelligentibus
1711 4431 2071 4513 utrumque
2107 4422 2447 4490 invenitur
2484 4422 2554 4489 in
2596 4422 2878 4512 singulis
2902 4476 2920 4510 ,
2964 4426 3126 4516 quia
3161 4427 3278 4518 qui
3322 4428 3534 4518 diligit
3571 4431 3792 4502 Deum
3825 4489 3846 4519 ,
3892 4460 4018 4505 non

829 4550 1039 4634 potest
1084 4550 1525 4625 contemnere,
1580 4559 1781 4630 quem
1834 4537 2009 4605 Deus
2042 4537 2347 4628 praecepit
2387 4537 2577 4626 diligi
2633 4561 2648 4605 ε
2698 4546 2764 4606 et
2813 4539 2932 4629 qui
2966 4541 3394 4632 spiritualiter
3428 4555 3490 4614 et
3524 4559 3753 4618 sancte
3804 4552 4020 4642 diligit

830 4658 1235 4750 proximum,
1265 4655 1429 4749 quid
1457 4656 1528 4723 in
1553 4677 1631 4723 eo
1658 4653 1877 4742 diligit
1903 4652 2033 4721 nisi
2059 4652 2314 4721 Deum?
2344 4653 2491 4744 Ipsa
2518 4662 2614 4721 est
2631 4653 2894 4725 dilectio
2933 4657 3016 4725 ab
3058 4660 3241 4727 omni
3283 4662 3623 4731 mundana
3668 4665 4020 4738 dilectione

830 4776 1141 4860 discreta,
1186 4796 1388 4866 quam
1436 4773 1846 4860 distinguens
1893 4769 2216 4839 Dominus
2252 4769 2345 4838 ait
2385 4794 2401 4836 ε
2455 4771 2644 4838 Sicut
2687 4768 2893 4839 dileaei
2946 4796 3079 4842 vos.
3131 4774 3311 4856 Quid
3367 4779 3546 4848 enim
3606 4783 3743 4850 nisi
3809 4786 4021 4856 Deum

832 4892 1065 4961 dilexit
1090 4891 1161 4958 in
1188 4889 1401 4975 nobis,
1434 4910 1569 4956 non
1596 4908 1796 4979 quem
1825 4885 2250 4972 habebamus,
2281 4883 2392 4952 sed
2422 4894 2498 4953 ut
2525 4886 2954 4957 haberemus?
3000 4889 3186 4958 Sicut
3230 4892 3521 4964 medicus
3561 4908 3858 4988 aegrotos
3899 4928 3918 4970 :
3963 4912 4024 4971 et

834 5007 995 5099 quid
1039 5008 1109 5074 in
1155 5006 1250 5074 eis
1306 5004 1547 5094 diligit,
1589 5003 1718 5071 nisi
1770 5002 2078 5089 salutem,
2125 5023 2323 5092 quam
2384 5002 2566 5093 cupit
2614 5025 2943 5091 revocare3
2999 5028 3136 5075 non
3191 5009 3523 5100 morbum,
3581 5037 3794 5107 quem
3850 5022 4023 5089 venit

900 5263 917 5295 t
943 5262 1107 5322 loon„
1131 5271 1249 5321 ιω,
1272 5252 1355 5308 34.
1374 5282 1437 5294 -
1458 5258 1481 5291 s
1503 5254 1699 5307 Similia
1722 5254 1880 5305 habet
1915 5255 2155 5334 August,
2180 5254 2235 5303 in
2259 5254 2423 5318 Joan„
2452 5257 2599 5305 tract.
2632 5267 2830 5306 ων..-
2860 5257 2883 5292 ι
2903 5259 3056 5323 Aug„
3088 5258 3150 5310 de
3181 5261 3321 5312 θαι.
3354 5263 3561 5329 chrm„
3587 5269 3685 5323 'ib'
3719 5273 3763 5335 ι,
3802 5287 3851 5325 e·
3898 5284 4021 5333 m

837 5345 892 5381 n.
915 5335 994 5381 21.
1018 5357 1071 5367 -
1097 5329 1155 5378 ⁸1
1188 5330 1329 5390 Cor„
1354 5338 1471 5389 1111,
1499 5329 1549 5375 9.
1577 5352 1641 5365 -
1661 5326 1683 5361 ⁸
1705 5328 1856 5389 Aug„
1876 5324 1937 5375 de
1958 5324 2096 5388 Pers.
2114 5326 2249 5388 Just.
2277 5323 2430 5389 hom„
2458 5339 2504 5374 c.
2549 5337 2666 5387 vm,
2694 5340 2746 5376 n.
2789 5329 2846 5377 19
2890 5355 2953 5365 -
2977 5330 3000 5364 ⁸
3022 5331 3190 5396 Dect„
3218 5345 3293 5393 vl,
3317 5339 3366 5385 5.
3398 5363 3464 5375 -
3495 5339 3519 5374 v
3548 5342 3712 5409 Aug„
3739 5346 3805 5395 ἁ
3835 5347 4022 5406 stin-L,

837 5403 922 5452 m».
961 5401 1094 5462 Vnt,
1124 5416 1169 5451 c.
1201 5410 1294 5462 vu,
1321 5412 1375 5448 n.
1400 5396 1595 5448 to.—⁸
1616 5398 1775 5459 Rom„
1797 5407 1916 5458 xm,
1934 5400 1982 5447 9.
2002 5422 2065 5432 -
2083 5395 2288 5459 Uvam,
2315 5406 2433 5457 1111,
2461 5397 2538 5447 34.
2560 5422 2622 5434 —
2649 5398 2693 5433 ¹⁰
2709 5400 2859 5461 Aug„
2889 5401 2941 5448 in
2965 5400 3134 5467 loon„
3161 5408 3293 5456 tract
3318 5419 3443 5472 nxv,
3471 5424 3527 5460 n.
3561 5417 3612 5464 2,
