4185 6288
1235 434 1431 503 DIST.
1476 434 1659 503 XXV.
1700 433 1888 503 ΛΒΤ.
1932 437 1983 503 1.
2022 432 2326 515 QUAEST.
2372 434 2451 500 11.

225 573 513 658 quinque
538 588 747 654 regoe,
774 572 889 656 qui
915 571 1077 638 Loth
1108 588 1259 637 cum
1280 570 1633 636 substantia
1652 587 1771 637 sua

225 681 724 765 captivaverant.
754 678 904 745 Ideo
940 681 1159 744 autem
1194 678 1408 761 magis
1441 678 1672 745 dicitur
1698 679 1771 743 in

224 789 421 854 missa
438 835 460 869 ‚
491 803 691 871 quam
722 788 791 851 in
817 786 944 854 alia
969 786 1164 866 hora,
1192 786 1349 871 quia
1385 790 1540 852 tnnc
1565 804 1771 872 popu-

222 895 330 961 lus
354 895 567 978 magis
594 895 894 962 convenit
921 914 938 960 :
967 897 1031 960 et
1051 894 1283 960 dicitur
1308 898 1455 979 post
1478 895 1766 982 Evange-

223 1002 387 1068 lium
407 1051 429 1084 ,
455 1005 531 1067 ut
572 1002 942 1068 ostendatur
976 1018 1114 1068 esse
1142 1005 1419 1068 tractum
1456 1003 1538 1070 de
1562 1003 1771 1073 Evan-

224 1109 381 1196 gelii
411 1110 679 1177 veritate
710 1129 729 1175 ε
768 1108 1004 1174 dicitur
1041 1110 1236 1175 etiam
1287 1113 1435 1175 ante
1474 1129 1771 1179 commu-

220 1219 486 1284 nionem
508 1267 528 1297 ‚
563 1219 642 1283 ut
682 1233 799 1300 per
842 1217 1046 1300 ipsam
1090 1217 1285 1290 fldem
1328 1223 1771 1303 praeparentur

220 1325 417 1391 corda
460 1323 752 1390 fidelium
766 1369 785 1404 ,
831 1323 947 1408 qui
990 1323 1221 1390 volunt
1271 1341 1503 1408 corpus
1543 1326 1771 1393 Christi

223 1427 549 1511 suscipere
565 1476 586 1508 ‚
615 1429 692 1492 ut
720 1427 963 1511 possint
1001 1426 1203 1510 digne
1241 1428 1627 1496 manducare
1664 1447 1771 1495 sa-

144 1545 151 1553 ·
226 1535 695 1602 eramentaliter
714 1583 735 1617 ‚
762 1534 869 1600 vel
903 1535 1127 1600 saltem
1164 1537 1552 1603 manducare
1590 1539 1773 1622 spiri·

225 1645 505 1714 tualiter.
538 1647 618 1713 Et
642 1646 733 1712 sic
753 1649 927 1731 patet
952 1645 1226 1731 qualiter
1246 1647 1537 1730 symbola
1568 1648 1772 1714 diver·

228 1756 559 1822 siflcantur
598 1755 668 1819 in
692 1755 1051 1838 frequentIa
1076 1756 1143 1818 et
1165 1754 1555 1822 continentia
1568 1805 1587 1837 ‚
1620 1775 1769 1841 quae

225 1866 448 1929 tamen
474 1864 856 1930 concordant
882 1863 954 1927 in
980 1862 1381 1929 sufficientia.

770 2085 1133 2167 QUAESTIO
1181 2087 1261 2153 11.

228 2254 329 2312 An
341 2253 587 2325 antiqu&
592 2250 848 2325 patribus
858 2250 1126 2322 suffecerit
1152 2249 1471 2309 adsalutem
1489 2268 1553 2309 ea
1572 2253 1778 2312 credere

537 2356 657 2413 quoe
684 2339 760 2397 ad
782 2339 1132 2396 divinitatem
1155 2343 1399 2413 spectant
1425 2342 1465 2394 ¹.

313 2499 400 2566 De
444 2500 594 2567 fidei
637 2499 1012 2566 sufficientia
1056 2501 1371 2582 quantum
1395 2500 1477 2566 ad
1516 2518 1626 2566 eos
1660 2501 1774 2585 qui

232 2609 699 2693 praecesserunt
736 2607 1087 2672 adventum
1129 2606 1394 2686 Christi;
1439 2612 1507 2673 et
1531 2609 1774 2692 quaeri-

228 2720 342 2782 tur
366 2718 590 2781 utrum
628 2714 720 2779 eis
753 2713 1079 2780 suffecerit
1104 2713 1187 2780 ad
1215 2713 1490 2780 salutem
1516 2715 1772 2782 credere

229 2842 306 2889 ea
349 2825 601 2888 tantum
631 2857 663 2903 ‚-
687 2838 837 2906 quae
882 2823 1166 2905 spectant
1213 2822 1295 2888 ad
1343 2822 1767 2888 divinitatem.

228 2929 309 2998 Et
353 2930 524 3013 quod
555 2929 647 2994 sic
666 2977 684 3011 ,
709 2929 965 2996 videtur
988 2937 1011 2969 ²
1047 2951 1063 2992 :
1102 2929 1359 3012 Oportet
1384 2930 1773 2998 accedentem

226 3037 476 3105 credere
495 3084 515 3117 ‚
544 3038 706 3121 quia
732 3042 863 3117 est,
895 3042 957 3103 et
984 3037 1146 3118 quia
1184 3044 1624 3107 remunerator
1654 3045 1768 3107 est.

228 3144 301 3213 Si
331 3164 491 3229 ergo
512 3144 855 3230 Apostolus
881 3144 1261 3212 determinat
1282 3146 1672 3214 sufficienter
1693 3150 1770 3213 il·

224 3251 342 3318 lud
400 3252 573 3338 quod
617 3256 754 3318 erat
802 3252 952 3317 fidei
1005 3258 1444 3337 opportunum
1462 3305 1482 3333 ,
1521 3254 1775 3322 videtur

229 3359 406 3444 quod
430 3359 589 3425 illud
611 3358 964 3424 sufficiebat
984 3358 1076 3425 eis
1101 3359 1377 3426 credere.
1409 3360 1535 3427 Sed
1559 3363 1771 3427 totum

227 3470 393 3538 illud
418 3471 590 3537 credi
615 3473 862 3555 poterat
894 3471 1058 3537 nihil
1097 3473 1409 3540 credendo
1437 3473 1517 3540 de
1540 3473 1769 3541 huma-

227 3580 433 3645 nitate
462 3578 733 3645 Christi:
764 3597 922 3662 ergo
947 3579 1206 3646 videtur
1231 3582 1403 3665 quod
1431 3587 1587 3648 tunc
1612 3585 1770 3648 tem-

227 3686 407 3772 poris
433 3688 516 3754 ad
553 3687 826 3753 salutem
858 3686 1213 3753 sufficiebat
1248 3688 1379 3755 sola
1420 3690 1579 3756 fides
1604 3691 1775 3759 divi-

225 3792 466 3863 nitatis.

315 3904 376 3964 2.
408 3899 569 3964 Item
611 3897 771 3964 fides
813 3915 961 3982 quae
1006 3898 1397 3963 sufficienter
1435 3898 1656 3983 dirigit
1689 3903 1769 3967 ad

230 4008 626 4093 sperandum
658 4009 722 4071 et
759 4005 1111 4071 amandum
1146 4004 1348 4070 Deum
1366 4054 1384 4085 ‚
1423 4008 1657 4073 sufficit
1693 4011 1774 4077 ad

230 4116 550 4181 salutem:
591 4114 701 4179 sed
745 4112 903 4179 fides
941 4130 1071 4198 qua
1122 4113 1269 4196 quis
1319 4113 1516 4179 credit
1568 4115 1772 4181 Deum

227 4231 579 4294 creatorem
626 4233 691 4293 et
730 4228 1279 4291 remuneratorem
1324 4243 1520 4290 suum
1542 4275 1560 4307 ,
1590 4229 1771 4294 suffi-

228 4335 469 4402 cienter
488 4335 714 4419 dirigit
728 4336 943 4420 ipsum
971 4334 1052 4400 ad
1074 4334 1460 4417 sperandum
1478 4337 1542 4399 et
1557 4352 1777 4400 aman·

222 4446 388 4513 dum
418 4463 436 4509 ε
465 4462 628 4526 ergo
654 4442 909 4509 videtur
954 4443 1125 4525 quod
1166 4441 1346 4506 omni
1377 4442 1503 4507 fide
1541 4441 1771 4507 huma-

223 4550 446 4618 nitatis
502 4550 761 4616 exclusa
783 4599 801 4629 ,
853 4550 1011 4615 fides
1065 4548 1261 4615 solius
1302 4548 1653 4614 divinitatis
1692 4548 1772 4614 ad

224 4659 501 4725 salutem
528 4657 901 4723 sufficiebat.

310 4773 369 4833 3.
402 4766 564 4832 Item
587 4766 776 4831 multi
798 4764 1023 4831 salvati
1047 4766 1200 4829 sunt
1223 4765 1361 4829 sine
1389 4762 1514 4829 fide
1539 4763 1776 4848 passio-

226 4876 333 4941 nis
375 4873 652 4940 Christi:
680 4873 1050 4957 paucissimi
1099 4873 1275 4937 enim
1319 4874 1777 4955 praecesserunt

229 4982 301 5048 in
309 4980 518 5049 Veteri
527 4980 955 5063 TestamentO,
979 4981 1093 5064 qui
1112 4980 1519 5046 crediderunt
1538 4978 1775 5045 Filium

296 5146 314 5181 ¹
336 5145 418 5208 Cf.
442 5144 585 5195 Alex.
606 5143 802 5208 Alens„
819 5158 875 5208 p.
897 5143 985 5201 ΙΙΙ,
1004 5156 1054 5207 q.
1082 5154 1233 5205 Lxlx,
1270 5142 1462 5193 memb.
1484 5145 1542 5206 3,
1584 5145 1681 5194 art.
1708 5145 1728 5192 1
1755 5157 1772 5206 3

230 5219 286 5268 et
313 5215 479 5281 Cont„
507 5230 558 5280 p.
584 5216 670 5279 ΙΙΙ,
701 5215 817 5265 coll.
847 5226 955 5277 xm,
980 5218 1077 5265 art.
1103 5218 1127 5264 -1
1153 5220 1205 5265 et
1228 5218 1285 5276 23
1313 5217 1368 5266 S.
1388 5214 1593 5278 Thom.,
1623 5215 1767 5275 Il-ll,

230 5300 283 5352 q.
307 5298 368 5348 11,
388 5291 484 5337 art.
500 5288 549 5351 '13
565 5289 619 5338 et
648 5289 711 5338 ΙΙΙ
733 5287 892 5345 Seni..
916 5287 1034 5337 dist.
1055 5297 1177 5346 xxv,
1201 5296 1325 5350 εμπ,
1343 5289 1440 5334 art.
1467 5288 1497 5334 Β
1511 5300 1529 5349 ;
1554 5287 1739 5337 scotus
1755 5320 1773 5347 ‚

233 5363 301 5414 ΙΙΙ
325 5363 484 5423 Seni„
512 5362 629 5413 dist.
649 5374 775 5423 xxv,
798 5375 850 5426 q.
876 5374 919 5423 ¹3
941 5360 1240 5420 mehor-dus,
1260 5361 1323 5409 Ill
1348 5359 1628 5424 Sent.‚dist.
1648 5371 1775 5421 xxv,

231 5436 329 5485 nrt.
359 5435 409 5495 3,
424 5447 476 5501 q.
517 5445 562 5498 13
581 5432 870 5498 Durandus,
903 5433 966 5482 ΙΙΙ
988 5432 1146 5498 Seni„
1169 5431 1285 5482 dist.
1313 5441 1432 5493 ΧΠ,
1456 5444 1509 5498 q.
1528 5442 1576 5495 13
1596 5430 1770 5497 Stepb.

3310 435 3429 497 549

1883 571 1995 636 Dei
2036 569 2549 653 crucifigendum
2591 587 2707 653 pro
2753 568 2956 634 salute
2999 567 3257 651 generis
3301 567 3429 632 hu-

1882 679 2061 744 mani
2090 695 2108 740 :
2154 679 2210 742 si
2255 695 2413 760 ergo
2456 676 2691 742 salvari
2734 678 3083 759 potuerunt
3124 674 3261 740 sine
3300 673 3430 739 fide

1881 786 2221 870 passionis,
2250 784 2472 850 eadem
2509 783 2753 848 ratione
2789 783 2929 847 sine
2964 783 3090 847 fide
3131 783 3427 847 incarna-

1880 895 2072 959 tionis
2101 914 2119 958 :
2151 913 2308 977 ergo
2335 897 2398 959 et
2433 892 2571 957 sine
2607 891 2733 957 fide
2759 889 3142 956 Mediatoris.

1963 1008 2023 1066 4.
2057 1001 2216 1066 Item
2242 1000 2461 1066 nullus
2485 1001 2684 1065 homo
2721 1002 2978 1064 tenetur
3018 1016 3206 1064 nosse
3249 999 3424 1082 quod

1880 1108 2184 1193 ignorant
2210 1107 2427 1190 angeli
2457 1125 2474 1172 ι
2506 1109 2615 1174 sed
2642 1111 2788 1171 ante
2818 1106 3044 1173 Christi
3071 1106 3423 1172 adventum

1881 1203 2267 1301 ignorabant
2314 1217 2533 1300 angeli
2577 1215 2806 1283 Christi
2868 1215 3423 1303 incarnationem:

1881 1344 2039 1408 ergo
2066 1328 2129 1392 et
2157 1326 2451 1391 homines
2488 1344 2620 1390 non
2663 1324 3046 1389 tenebantur
3082 1325 3261 1389 illam
3288 1343 3429 1391 cre-

1881 1433 2051 1499 dere.
2101 1432 2303 1516 Major
2344 1433 2691 1517 propositio
2727 1431 2800 1495 in
2827 1450 2894 1496 se
2933 1432 3270 1496 manifesta
3295 1435 3423 1511 oet3

1881 1539 2097 1605 minor
2110 1540 2418 1623 probatur
2433 1559 2547 1623 per
2564 1539 2723 1606 illud
2746 1538 2919 1622 quod
2936 1539 3171 1605 dicitur
3187 1540 3210 1576 ⁸
3227 1558 3244 1604 ε
3267 1540 3425 1621 Quis

1881 1655 1975 1713 est
1994 1648 2109 1712 iste
2131 1650 2252 1732 qui
2268 1649 2444 1712 venit
2474 1647 2551 1712 de
2575 1647 2792 1714 Edom
2808 1647 2846 1711 Ρ
2863 1646 2952 1711 ihi
2974 1646 3191 1712 Glossa
3211 1651 3431 1730 aperte

1880 1756 2183 1837 declarat,
2214 1756 2389 1839 quod
2408 1754 2670 1838 quidam
2697 1751 2934 1835 angeli,
2966 1754 3168 1819 donec
3194 1755 3431 1839 imple-

1881 1866 2081 1942 retur,
2113 1863 2493 1946 mysterium
2531 1860 2987 1927 incarnationis
3020 1880 3151 1927 non
3187 1882 3431 1946 cogno-

1879 1975 2142 2037 verunt.
2174 1970 2252 2035 Et
2276 1970 2509 2036 dicitur
2524 1970 2583 2035 ⁴:
2615 1970 2694 2039 Ut
2719 1971 3081 2039 innoteseat
3110 1972 3433 2056 principi·

1883 2079 2032 2158 bus,
2076 2084 2136 2146 et
2193 2078 2620 2160 potestatibus
2666 2077 2742 2143 in
2799 2077 3153 2145 ooelestibus
3169 2096 3200 2160 ;
3243 2082 3307 2145 et
3349 2097 3433 2145 ex

1884 2186 2026 2251 aliis
2043 2187 2343 2270 pluribus
2359 2185 2515 2251 locis
2536 2188 2741 2269 potest
2768 2185 3015 2250 haberi.
3039 2184 3218 2251 Unde
3237 2186 3433 2271 Chry·

1882 2296 2230 2372 sostomus,
2274 2309 2468 2375 super
2510 2294 2827 2359 Joannem
2841 2341 2860 2373 ,
2886 2293 2955 2356 in
2993 2294 3179 2357 tertia
3207 2293 3433 2359 Homi-

1880 2402 1971 2466 lia
1992 2402 2052 2465 ⁸:
2088 2422 2121 2461 α
2146 2399 2422 2465 Multum
2459 2400 2756 2465 honorati
2795 2417 3053 2479 sumus,
3103 2402 3274 2485 quod
3316 2421 3434 2468 uo-

1882 2510 2133 2573 biscum
2176 2509 2391 2591 angeli
2440 2527 2555 2592 per
2595 2525 2821 2573 vocem
2867 2509 3138 2574 Joannis
3186 2510 3435 2577 didice-
3505 2593 3508 2597 ι
3553 2489 3564 2499 ’

1883 2621 2059 2681 runt.
2092 2635 2125 2675 n
2162 2615 2241 2681 Et
2265 2616 2436 2681 idem
2464 2615 2740 2679 habetur
2776 2615 2843 2678 in
2873 2614 3090 2681 Glossa
3128 2634 3323 2700 super
3352 2619 3434 2684 il-

1881 2723 1997 2789 lud
2013 2724 2036 2758 ⁸
2073 2742 2092 2788 ι
2129 2725 2278 2798 ouoe
2323 2724 2410 2790 sit
2453 2708 2854 2805 dispensatio
2894 2723 3250 2791 ministerii
3287 2723 3431 2791 abs-

1882 2830 2134 2897 conditi
2160 2847 2202 2896 a
2227 2831 2480 2897 soeculis
2507 2832 2582 2895 in
2614 2832 2765 2897 Deo.

1964 2942 2024 3002 5.
2083 2937 2242 3004 Item
2295 2938 2411 3021 qui
2464 2937 2684 3020 implet
2731 2937 2812 3002 de
2857 2936 3004 3020 lege
3056 2938 3433 3021 evangelica

1884 3047 2056 3130 quod
2083 3050 2178 3111 est
2206 3046 2282 3111 de
2310 3044 2653 3110 dictamine
2691 3046 2835 3128 ejus
2853 3092 2872 3123 ‚
2900 3045 3194 3129 pervenit
3218 3046 3300 3112 ad
3327 3065 3432 3111 sa-

1881 3156 2118 3235 lutem,
2146 3154 2436 3219 similiter
2461 3154 2540 3219 de
2565 3154 2714 3236 lege
2739 3155 3024 3219 mosaica
3044 3176 3061 3220 t
3085 3173 3268 3238 ergO‚
3294 3146 3434 3240 pari

1884 3263 2163 3341 ratione,
2193 3261 2306 3345 qui
2349 3259 2653 3343 implebat
2691 3278 2841 3343 quae
2884 3265 3069 3325 erant
3110 3262 3190 3327 de
3228 3263 3427 3330 dicta-

1885 3371 2062 3435 mine
2081 3369 2249 3452 legis
2274 3370 2554 3445 naturae,
2587 3366 2669 3432 ad
2692 3367 2964 3433 salutem
2989 3369 3428 3452 perveniebat,

1884 3478 2238 3544 secundum
2289 3474 2464 3559 quod
2519 3474 2733 3540 innuit
2770 3474 3109 3558 Apostolus
3134 3477 3157 3512 ⁷
3193 3499 3209 3541 ε
3263 3497 3432 3561 ergo

1884 3590 2173 3668 tempore
2192 3583 2357 3665 legis
2381 3584 2633 3647 naturae
2670 3599 2802 3646 non
2824 3582 3154 3665 oportebat
3178 3584 3435 3650 credere

1884 3693 1964 3757 ad
1986 3690 2259 3756 salutem
2277 3738 2298 3769 ,
2323 3688 2448 3753 nisi
2474 3687 2645 3771 quod
2672 3691 2809 3752 erat
2847 3688 2928 3751 de
2954 3687 3297 3754 dictamIne
3329 3688 3427 3754 le-

1888 3802 1991 3883 gis
2029 3802 2304 3864 naturae.
2351 3797 2475 3862 Sed
2517 3796 2721 3861 Deum
2766 3795 3087 3861 incarnari
3108 3845 3130 3876 ,
3187 3800 3252 3861 et
3298 3816 3434 3864 esse

1885 3907 2299 3975 Mediatorem
2346 3902 2638 3970 futurum
2656 3952 2678 3983 ,
2731 3921 2868 3969 non
2920 3907 3056 3968 erat
3100 3904 3181 3969 de
3230 3900 3432 3970 dicta-

1887 4014 2060 4080 mine
2084 4013 2250 4096 legis
2274 4015 2523 4077 naturae
2555 4032 2571 4075 z
2611 4027 2769 4092 ergo
2800 4027 2936 4073 non
2973 4010 3231 4075 videtur
3261 4009 3432 4095 quod

1887 4123 2217 4207 oportebat
2242 4122 2365 4186 hoc
2391 4120 2503 4184 illo
2530 4119 2818 4202 tempore
2843 4117 3120 4183 credere.

1967 4235 2028 4295 6.
2073 4229 2234 4295 Item
2274 4229 2497 4293 nullus
2535 4230 2791 4293 tenetur
2821 4226 3075 4310 operari
3113 4227 3272 4304 illud
3299 4276 3317 4307 ‚
3350 4229 3432 4295 ad

1885 4339 2057 4423 quod
2086 4355 2223 4402 non
2245 4339 2449 4419 potest
2476 4335 2727 4418 erigere
2766 4352 2834 4399 se
2859 4334 3065 4401 virtus
3106 4353 3225 4399 sua
3265 4340 3430 4420 ope-

1883 4446 2092 4513 rativa
2122 4468 2137 4509 :
2173 4462 2333 4527 ergo
2358 4442 2577 4507 nullus
2603 4441 2939 4508 tenebatur
2957 4442 3214 4507 credere
3244 4442 3427 4524 illud,

1885 4554 2073 4636 cujus
2120 4551 2412 4617 notitiam
2456 4567 2592 4614 non
2634 4550 2884 4632 poterat
2936 4548 3266 4631 acquirere
3313 4567 3432 4615 nec

1886 4677 2001 4743 per
2018 4658 2480 4734 inventionem,
2502 4674 2622 4721 nec
2637 4673 2752 4739 per
2769 4653 3148 4721 doctrinam.
3179 4652 3249 4721 Si
3272 4674 3432 4739 ergo

1884 4772 2173 4850 tempore
2212 4764 2379 4847 legis
2421 4767 2674 4828 naturae
2721 4761 3154 4844 cognitionem
3180 4761 3260 4829 de
3294 4762 3432 4830 Mo-

1885 4876 2129 4942 diatore
2173 4892 2304 4939 non
2346 4875 2640 4957 poterant
2682 4890 2798 4955 per
2838 4888 2905 4936 se
2933 4870 3226 4936 invenire
3243 4919 3267 4950 ‚
3310 4888 3431 4936 nec
3485 4884 3492 4890 ·

1886 4985 2024 5049 erat
2051 4982 2167 5066 qui
2211 4980 2492 5046 exterius
2532 4979 2814 5059 doceret,
2844 4996 2964 5043 nec
3001 4977 3212 5043 adhuc
3250 4983 3433 5044 erant

1886 5089 2306 5156 revelationes
2332 5086 2721 5172 prophetieae
2740 5133 2761 5167 ,
2788 5085 3043 5153 videtur
3070 5084 3243 5168 quod
3273 5089 3431 5151 tuuc

1888 5215 2106 5277 Brulet„
2124 5215 2189 5264 III
2218 5214 2378 5275 Seni„
2401 5213 2516 5262 dist.
2547 5224 2670 5274 xxv,
2700 5224 2751 5275 q.
2779 5222 2838 5262 11.
2864 5236 2923 5250 —
2943 5211 2966 5245 ²
2988 5209 3159 5275 Hebr„
3190 5221 3266 5273 11,
3298 5212 3345 5262 6.
3364 5237 3428 5249 —

1886 5290 2004 5350 Iso„
2035 5298 2186 5350 um,
2218 5290 2262 5336 1.
2288 5310 2352 5322 —
2391 5286 2413 5321 δ
2440 5283 2643 5349 Ephe-9..
2675 5294 2757 5345 ιιι,
2801 5285 2878 5334 20.
2916 5310 2972 5320 -
2992 5283 3015 5319 ⁸
3041 5282 3327 5347 Chrysost„
3372 5285 3426 5332 in

1884 5358 2219 5497 {gagaggm
2252 5369 2290 5419 1,
2319 5370 2372 5407 n.
2402 5359 2450 5408 2.
2478 5381 2533 5391 —-
2560 5357 2580 5386 ⁸
2604 5353 2805 5420 Ephes„
2835 5365 2918 5419 111,
2949 5355 2996 5403 9.
3020 5379 3082 5390 -
3107 5353 3131 5387 ⁷
3159 5353 3317 5415 Rom„
3351 5365 3388 5403 11
3408 5389 3425 5417 ‚
