4185 6288
709 443 829 503 174

701 589 833 640 esse
853 564 1291 656 praesupponit
1315 563 1483 644 sim,
1528 564 1593 625 et
1636 559 1787 640 sieri
1830 558 1984 625 dicit
2002 557 2246 640 imper-

700 679 1057 752 fectionem,
1090 670 1429 737 dicendum
1456 668 1628 751 quod
1650 667 1797 747 fieri
1827 665 1977 731 dicit
2000 665 2247 746 imper-

569 783 573 788 ’
702 787 1037 852 sectionem
1056 782 1222 845 circa
1242 776 1399 842 illud
1417 776 1591 860 quod
1606 775 1756 839 dicit
1781 772 2204 838 mutationem
2229 792 2246 835 :

703 895 771 959 in
823 889 1123 977 praesenti
1182 891 1399 951 autem
1455 903 1589 949 non
1634 883 1785 948 dicit
1834 883 2004 947 circa
2046 880 2252 945 Deum

706 1001 1153 1075 mutationem,
1204 986 1327 1058 'nec
1372 990 1946 1075 imperfectionem,
1994 987 2104 1052 sed
2143 1005 2253 1050 so-

705 1107 845 1173 lum
878 1107 1045 1171 circa
1083 1103 1450 1180 hominem;
1498 1117 1614 1163 nec
1650 1099 1816 1162 circa
1850 1097 2035 1161 illum
2077 1093 2257 1177 ponit

708 1212 1253 1297 imperfectionem
1293 1207 1754 1291 praecedentem
1794 1207 2105 1286 tempore,
2146 1200 2256 1265 sed

706 1324 942 1387 natura
973 1341 989 1384 ε
1021 1318 1176 1402 quia
1204 1316 1297 1381 ihi
1340 1315 1535 1379 simul
1578 1317 1675 1379 est
1692 1313 1833 1376 fleri
1848 1360 1869 1391 ‚
1919 1314 1983 1375 et
2016 1310 2258 1374 factum

709 1447 867 1495 esse.

793 1541 855 1601 3.
885 1535 984 1600 Ad
1010 1533 1169 1598 illud
1198 1530 1371 1614 quod
1398 1527 1718 1611 objicitur,
1749 1525 1923 1609 quod
1943 1524 2261 1589 terminus

709 1642 1000 1708 factionis
1022 1643 1118 1705 est
1136 1635 1699 1719 complementum,
1722 1631 2065 1697 dicendum
2087 1630 2261 1713 quod

711 1750 869 1815 illud
890 1765 1121 1817 verum
1151 1748 1246 1810 est
1270 1743 1528 1828 quando
1554 1741 1713 1806 illud
1726 1789 1744 1818 ,
1792 1739 1965 1823 quod
2001 1741 2263 1804 notatur

714 1857 853 1923 fieri
883 1856 1049 1920 circa
1088 1852 1481 1937 principium
1507 1848 1611 1917 vel
1636 1847 2038 1930 suppositum
2060 1892 2079 1922 ,
2117 1843 2265 1908 facit

626 2041 631 2045 .
713 1964 994 2058 aliqpam
1046 1959 1526 2024 innovationem
1580 1954 1934 2019 secundum
1980 1952 2264 2035 aliquam

716 2070 1169 2153 proprietatem
1195 2065 1551 2130 absolutam
1584 2086 1600 2126 ι
1632 2081 1764 2127 non
1798 2062 1888 2125 sic
1922 2063 2140 2125 autem
2171 2062 2266 2124 est

717 2179 786 2241 in
811 2178 1158 2261 proposit0,
1192 2175 1366 2258 quia,
1397 2172 1561 2237 sicut
1586 2172 1727 2254 jam
1766 2170 2011 2233 dictum
2035 2171 2153 2247 est,
2184 2184 2266 2231 ex

717 2289 898 2368 parte
928 2285 1038 2349 Dei
1071 2302 1199 2347 non
1240 2281 1391 2345 dicit
1434 2278 1562 2342 nisi
1591 2277 2031 2342 habitudinem
2073 2274 2266 2339 unio-

717 2412 838 2457 ωε.

799 2504 862 2563 4.
892 2498 990 2562 Ad
1019 2496 1176 2560 illud
1203 2494 1378 2578 quod
1406 2493 1774 2576 opponitur,
1827 2489 1999 2574 quod
2029 2490 2266 2570 factus,

721 2627 872 2675 cum
901 2609 984 2671 sit
1006 2605 1435 2689 participium,
1469 2604 1650 2685 ponit
1693 2619 1831 2667 rem
1873 2619 2061 2665 suam
2102 2600 2269 2663 circa

721 2719 1104 2800 subjectum,
1136 2719 1212 2779 ut
1236 2732 1385 2778 cum
1413 2713 1644 2777 dicitur
1679 2734 1693 2776 z
1731 2712 2002 2778 Verbum
2024 2716 2117 2777 est
2141 2710 2270 2790 sac-

723 2833 859 2894 tum
876 2841 1024 2891 caro
1037 2842 1066 2906 ,·
1092 2822 1427 2887 dicendum
1455 2821 1627 2903 quod
1648 2820 1764 2885 etsi
1792 2818 2004 2882 trahat
2030 2836 2273 2882 nomen

722 2953 761 2998 a
783 2932 1131 3015 supposito,
1164 2935 1379 2993 tamen
1406 2929 1561 3010 quia
1597 2946 1731 2991 non
1758 2926 2013 3008 respicit
2053 2926 2271 3008 ipsum

723 3040 1010 3106 absolute
1032 3088 1050 3116 ,
1100 3038 1209 3102 sed
1256 3037 1326 3099 in
1370 3035 1675 3100 relatione
1710 3034 1791 3099 ad
1823 3032 2265 3116 praedicatum,

723 3150 869 3215 ideo
891 3166 1024 3211 non
1049 3150 1144 3211 est
1168 3162 1422 3209 necesse
1443 3142 1617 3226 quod
1642 3148 1836 3225 ponat
1863 3140 2031 3204 circa
2052 3139 2271 3222 ipsum

724 3255 983 3339 aliquod
1020 3253 1409 3319 absolutum.
1448 3251 1593 3315 ideo
1642 3251 1723 3316 ad
1764 3249 2097 3314 veritatem
2138 3248 2273 3311 suf-

724 3364 859 3428 ficit
872 3410 890 3439 ,
933 3361 1105 3446 quod
1150 3360 1318 3424 circa
1355 3359 1714 3441 subjectum
1759 3362 2040 3439 ponatur
2084 3358 2272 3420 ante-

724 3473 922 3538 cessio
966 3477 1028 3536 et
1066 3469 1223 3535 unio
1282 3472 1573 3552 respectu
1626 3466 1972 3551 praedicati.
2025 3463 2107 3529 Et
2151 3466 2276 3532 hoc

725 3581 985 3663 quidem
1009 3578 1323 3660 reperitur
1349 3578 1418 3639 in
1439 3575 1783 3659 proposito.

808 3692 869 3753 5.
900 3687 1000 3753 Ad
1033 3685 1194 3750 illud
1237 3683 1409 3768 quod
1448 3682 1748 3764 objicitur
1785 3684 1959 3766 quod
1997 3683 2104 3748 ille
2145 3685 2273 3746 ter-

727 3798 967 3872 minus,
996 3794 1201 3870 home,
1232 3809 1364 3857 non
1404 3790 1707 3856 diminuit
1745 3792 1823 3857 de
1860 3792 2112 3857 ratione
2154 3791 2276 3855 hu-

723 3909 855 3989 jus,
885 3904 1057 3988 quod
1086 3908 1181 3968 est
1204 3903 1416 3982 factus
1428 3920 1456 3983 ;
1479 3901 1826 3967 dicendum
1847 3900 2021 3984 quod
2045 3917 2274 3965 verum

730 4012 853 4087 est3
884 4025 1015 4072 non
1040 4009 1255 4070 tamen
1289 4005 1435 4069 licet
1476 4003 1712 4067 inferre
1764 4022 1781 4066 ε
1840 4026 1871 4065 α
1922 4003 2032 4067 Est
2071 4003 2277 4067 factus

730 4118 952 4194 hom0,
982 4135 1137 4197 ergo
1165 4117 1503 4195 estractus,
1541 4137 1572 4175 n
1621 4133 1753 4180 non
1789 4119 2048 4198 propter
2082 4114 2278 4179 dimi-

733 4224 1090 4304 nutionem,
1128 4223 1239 4288 sed
1272 4227 1531 4305 propter
1565 4221 2097 4287 denominationis
2128 4240 2278 4285 mu-

733 4334 1060 4398 tationem.
1108 4330 1252 4396 Non
1294 4331 1469 4394 enim
1515 4329 1806 4411 sequitur
1847 4348 1864 4393 ε
1933 4352 1964 4389 α
2017 4328 2128 4393 Ille
2184 4331 2279 4392 est

734 4441 918 4506 albus
943 4440 1319 4518 monachuS,
1340 4455 1500 4520 ergo
1529 4440 1625 4501 est
1647 4436 1830 4501 albus
1855 4458 1871 4501 ε
1897 4460 1928 4498 υ
1964 4454 2101 4501 non
2125 4435 2279 4519 quia

734 4552 1052 4619 diminuat
1096 4551 1174 4614 de
1215 4548 1462 4612 ratione
1503 4549 1643 4629 ejus
1659 4594 1678 4626 ,
1718 4546 1892 4628 quod
1934 4550 2030 4611 est
2071 4546 2275 4626 albus,

674 4725 697 4736 ,,
736 4660 847 4725 sed
873 4658 1025 4741 quia
1048 4657 1233 4721 aliter
1272 4655 1641 4720 denominat
1677 4653 1901 4718 album
1932 4670 2083 4717 cum
2124 4653 2280 4718 dici-

737 4771 845 4832 tur
866 4785 1016 4830 cum
1044 4765 1367 4847 adJuncto,
1414 4761 1598 4825 aliter
1637 4778 1786 4824 cum
1813 4760 2047 4825 dicitur
2087 4761 2280 4825 abso-

736 4876 872 4939 lute
909 4875 1058 4938 :sic
1083 4874 1276 4937 etiam
1308 4872 1379 4934 in
1418 4869 1741 4953 proposito
1792 4870 2278 4952 intelligendum

738 4983 855 5057 est,
886 4987 958 5045 ut
978 4981 1101 5045 hoc
1126 4982 1301 5062 patet
1328 4977 1707 5060 inspicienti.
2038 4981 2041 4984 ‘

810 5213 932 5276 ¹Cf.
969 5214 1024 5263 S.
1062 5212 1267 5270 Thomu„
1289 5224 1343 5274 p.
1378 5211 1544 5273 1¹1,sp
1573 5221 1686 5272 xvl,
1722 5213 1816 5259 art.
1851 5212 1906 5273 75
1946 5214 1997 5260 et
2026 5212 2089 5260 ΙΙΙ
2122 5211 2280 5275 Sene„

742 5286 860 5337 dist.
907 5296 999 5347 vn,
1040 5298 1091 5347 q.
1122 5296 1192 5344 11,
1230 5289 1327 5331 art.
1365 5286 1432 5344 23
1470 5287 1521 5332 et
1567 5283 1756 5345 opusc.
1790 5282 1853 5345 ll,
1883 5296 1931 5332 c.
1974 5294 2055 5346 νη
2108 5283 2278 5348 AEgid.

741 5358 911 5415 Rom„
947 5355 1011 5404 ΙΙΙ
1050 5354 1186 5404 Sent.
1216 5353 1333 5403 dist.
1363 5364 1457 5418 vn,
1494 5367 1544 5416 q.
1577 5362 1659 5414 1v3
1707 5352 1967 5413 Richard.,
2008 5354 2071 5402 ΙΙΙ
2120 5354 2280 5418 Seni„

743 5428 861 5480 diat.
889 5440 967 5491 w,
988 5439 1042 5490 q.
1059 5436 1138 5489 1v;
1161 5424 1338 5488 Steph.
1358 5423 1837 5488 Brulef.‚111‚Sent.‚
1858 5424 1974 5474 dist.
1995 5436 2091 5488 vn,
2116 5439 2168 5489 q.
2190 5437 2252 5476 111
2260 5441 2279 5490 ;

1813 417 2438 488 SENTENTIARUM
2478 416 2627 482 LlB.
2674 417 2782 482 111.

2874 661 3234 742 QUAESTlo
3277 663 3355 728 11.

2357 826 2453 885 An
2477 828 2586 884 haec
2610 830 2686 884 sit
2713 829 3071 886 concedenda:
3098 830 3315 886 «Homo
3336 830 3517 898 factus
3538 832 3617 885 est
3641 829 3785 885 Deus
3811 825 3853 883 ¹.
3872 847 3902 879 u

2448 988 2668 1052 Utrum
2692 988 2833 1054 haec
2857 990 2939 1053 sit
2956 989 3355 1056 concedenda
3379 1011 3394 1053 :
3424 1013 3455 1050 a
3477 988 3684 1053 Homo
3703 988 3905 1052 factus
3934 999 3998 1044 Ad
4016 1010 4109 1054 orv-

2321 1094 2327 1101 ’
2362 1098 2457 1159 est
2482 1095 2678 1162 Deus:
2714 1116 2746 1154 n
2780 1100 2845 1161 et
2866 1097 3038 1179 quod
3064 1097 3187 1176 sic,
3213 1097 3471 1162 videtur
3495 1096 3707 1179 primo
3743 1114 3905 1160 auc-

2361 1204 2615 1268 toritate
2641 1204 2993 1285 Augustini
3018 1207 3041 1242 ²
3071 1228 3086 1269 :
3127 1229 3159 1266 a
3201 1203 3368 1269 Talis
3413 1204 3536 1269 fuit
3567 1204 3679 1269 illa
3723 1204 3905 1280 unio,

2364 1315 2439 1375 ut
2479 1312 2712 1376 faceret
2769 1311 2972 1376 Deum
3034 1312 3365 1377 hominem
3379 1361 3397 1392 ,
3453 1318 3518 1378 et
3575 1312 3910 1377 hominem

2365 1422 2592 1488 Deum.
2621 1444 2653 1483 n
2673 1422 2868 1505 Ergo,
2897 1424 2954 1487 si
2962 1423 3106 1489 fecit
3115 1424 3448 1489 hominem
3461 1424 3691 1505 Deum,
3716 1424 3911 1489 homo

2365 1549 2524 1613 ergo
2551 1532 2756 1596 factus
2779 1537 2877 1597 est
2907 1533 3091 1598 Deus,

2448 1644 2510 1704 2.
2542 1638 2700 1703 Item
2725 1640 2922 1705 homo
2950 1644 3046 1704 est
3074 1640 3236 1705 Deus
3257 1689 3275 1718 ,
3316 1644 3382 1706 et
3426 1644 3576 1705 ante
3614 1639 3914 1704 incarna-

2369 1746 2611 1812 tionem
2637 1765 2766 1812 non
2793 1747 2913 1811 fuit
2935 1746 3122 1827 Deus,
3164 1751 3229 1812 et
3265 1746 3619 1813 incarnatio
3666 1750 3766 1812 est
3806 1747 3912 1811 Dei

2369 1856 2652 1939 operatio
2690 1878 2705 1919 ε
2734 1874 2892 1937 ergo
2915 1873 3031 1939 per
3040 1856 3546 1922 incarnationem
3566 1856 3771 1922 homo
3794 1857 3916 1921 fac-

2370 1968 2476 2029 tus
2496 1968 2594 2028 est
2617 1963 2805 2029 Dem.

2453 2077 2513 2136 3.
2547 2072 2728 2150 Item,
2755 2072 2919 2135 sicut
2940 2070 3083 2136 haec
3108 2076 3205 2136 est
3228 2089 3426 2137 vera:
3470 2094 3502 2133 α
3529 2070 3700 2136 Deus
3715 2072 3916 2136 factus

2371 2182 2465 2242 est
2529 2179 2748 2258 homo,
2813 2201 2844 2240 υ
2922 2178 3013 2243 ita
3074 2180 3216 2262 ejus
3245 2196 3551 2244 conversa
3590 2201 3607 2241 z
3651 2201 3685 2239 σ
3709 2178 3913 2244 Homo

2370 2285 2574 2348 factus
2604 2287 2697 2347 est
2723 2282 2888 2347 Deus
2921 2306 2937 2348 ε
2985 2305 3016 2343 υ
3067 2301 3225 2364 ergo
3267 2282 3408 2365 pari
3448 2282 3721 2362 ratione,
3751 2282 3911 2346 sicut

2372 2391 2514 2456 haec
2538 2396 2631 2455 est
2658 2409 2811 2456 vera
2833 2412 2849 2454 ε
2881 2413 2913 2452 α
2937 2390 3107 2456 Deus
3125 2391 3327 2455 factus
3342 2395 3438 2455 est
3454 2390 3679 2468 homo,
3708 2412 3740 2450 n
3775 2390 3911 2455 haee

2374 2499 2495 2563 erit
2521 2517 2675 2563 vera
2707 2521 2722 2563 ε
2764 2521 2795 2559 (ι
2824 2498 3030 2563 Homo
3053 2498 3258 2562 factus
3283 2501 3378 2563 est
3406 2497 3594 2564 Deus.
3625 2520 3660 2558 υ

2454 2609 2515 2669 4.
2547 2604 2702 2670 Item
2740 2628 2754 2669 :
2781 2604 3121 2670 Hominem
3147 2623 3284 2670 esse
3310 2606 3513 2670 Deum
3539 2603 3639 2670 eSt
3662 2622 3907 2683 verum3
4031 2683 4036 2691 ,

2375 2718 2490 2778 aut
2514 2718 2609 2778 est
2633 2732 2864 2778 verum
2890 2713 3157 2779 veritate
3203 2716 3472 2790 aeterna,
3511 2716 3632 2778 aut
3656 2713 3913 2779 veritate

2375 2820 2710 2902 temporali
2767 2843 2782 2885 ε
2842 2821 2897 2884 si
2949 2821 3220 2885 veritate
3269 2824 3509 2886 aeterna
3527 2869 3545 2897 ,
3615 2839 3775 2904 ergo
3834 2820 3912 2883 ab

2377 2934 2617 2994 aeterno
2670 2947 2902 2996 verum
2961 2929 3085 2994 fuit
3141 2929 3374 2994 dicere·
3409 2928 3742 2995 hominem
3786 2946 3915 2993 esse

2377 3039 2578 3104 Deum
2609 3060 2625 3101 :
2654 3038 2765 3103 sed
2789 3038 2913 3102 hoc
2934 3041 3030 3102 est
3051 3038 3282 3102 falsum
3306 3059 3323 3101 ι
3357 3055 3538 3120 ergo,
3564 3042 3684 3103 etc.
3716 3037 3781 3103 Si
3808 3053 3914 3102 ve-

2377 3148 2559 3212 ritate
2586 3147 2942 3231 temporali,
2972 3164 3135 3229 ergo
3171 3146 3500 3212 hominem
3544 3164 3683 3211 esse
3721 3144 3910 3210 Deum

2377 3259 2473 3320 est
2498 3233 2847 3337 temporale
2879 3273 2898 3318 ε
2916 3258 2980 3319 et
2997 3272 3190 3319 omne
3206 3253 3332 3318 tale
3349 3257 3441 3318 est
3458 3253 3699 3318 factum
3731 3271 3749 3316 ε
3766 3266 3916 3334 ergo

2377 3362 2617 3427 tactum
2643 3368 2736 3428 est
2762 3362 2963 3427 Deum
2992 3361 3323 3427 hominem
3354 3378 3489 3427 esse
3513 3378 3713 3443 :ergo
3726 3359 3915 3425 homo

2377 3470 2582 3535 factus
2607 3475 2702 3535 est
2721 3470 2907 3536 Deus.

2462 3576 2585 3642 Sed
2614 3582 2876 3644 contra:
2907 3578 3283 3662 Subjectum
3320 3577 3464 3644 fieri
3494 3594 3565 3642 se
3593 3576 3784 3641 habet
3808 3590 3916 3657 per
3939 3610 4100 3658 summ.

2381 3686 2648 3751 modum
2676 3686 3241 3752 substantificantis
3273 3688 3339 3751 et
3376 3683 3794 3769 praecedentis
3815 3682 3911 3764 ip-

2381 3813 2528 3859 sum
2582 3795 2935 3860 terminum
2990 3818 3005 3860 :
3057 3795 3167 3860 sed
3223 3794 3422 3860 homo
3470 3795 3763 3877 respectu
3808 3788 3912 3854 Dei

2381 3906 2611 3968 neutro
2654 3903 2845 3968 modo
2884 3921 2952 3967 se
2984 3902 3176 3967 habet
3218 3921 3236 3965 t
3276 3901 3607 3984 ergohaec
3640 3903 3734 3965 est
3766 3895 3913 3963 falsa

2381 4009 2793 4092 simpliciter:
2831 4033 2864 4072 α
2890 4009 3097 4075 Homo
3124 4008 3447 4074 estractus
3468 4006 3661 4073 Deus.
3685 4027 3717 4066 n

2464 4117 2622 4182 Item
2639 4167 2657 4198 ,
2697 4135 2848 4182 cum
2879 4117 3110 4182 dicitur
3167 4139 3181 4182 :
3241 4139 3273 4178 et
3319 4114 3525 4180 Homo
3579 4115 3780 4180 factus
3824 4111 3913 4177 est

2383 4227 2570 4308 Deus,
2597 4249 2630 4288 ι»
2667 4231 2781 4293 aut
2801 4227 2998 4292 homo
3021 4228 3275 4291 tenetur
3301 4225 3552 4289 ratione
3590 4215 3910 4306 suppositi,

2386 4336 2488 4402 vel
2514 4337 2760 4402 ratione
2783 4337 3008 4401 forma».
3040 4356 3057 4400 z
3087 4334 3331 4399 ratione
3351 4335 3579 4399 formae
3597 4349 3750 4408 non,
3771 4326 3912 4412 quia

2383 4428 2515 4510 non
2566 4444 2945 4528 praedicatur
3010 4442 3178 4507 Deus
3239 4441 3319 4507 de
3363 4440 3629 4506 homine
3682 4436 3911 4502 ratione

2384 4553 2610 4618 formae
2642 4576 2658 4618 ε
2690 4552 2744 4616 si
2770 4570 2927 4635 ergo
2957 4553 3053 4617 est
3089 4568 3324 4616 verum
3337 4598 3358 4630 ,
3400 4545 3777 4630 intelligitur
3814 4558 3912 4606 ra-

2386 4660 2558 4726 tione
2584 4655 2914 4744 suppositi,
2945 4653 3050 4724 vel
3087 4656 3448 4742 hypostasis
3489 4675 3508 4719 ε
3557 4655 3666 4720 sed
3694 4653 3911 4736 hypos-

2383 4769 2541 4835 tasis
2565 4769 2676 4834 illa
2702 4772 2797 4834 est
2838 4769 3199 4852 hypostasis
3234 4766 3376 4831 Filii
3410 4764 3542 4844 Dei,
3596 4765 3662 4828 et
3699 4760 3805 4824 illa
3826 4757 3912 4821 est

2387 4869 2628 4929 aeterna
2655 4881 2854 4945 :ergo
2898 4863 2977 4928 de
3004 4862 3115 4926 illa
3150 4866 3247 4926 est
3284 4860 3521 4925 falsum
3560 4852 3913 4938 simplicitet

2386 4971 2617 5050 dicere,
2663 4970 2835 5054 quod
2881 4970 3078 5036 homo
3116 4968 3361 5033 ratione
3393 4966 3567 5032 illius
3603 4963 3685 5028 sit
3725 4961 3911 5025 taetus

2384 5077 2572 5144 DeuS.

2471 5189 2652 5269 Item,
2682 5189 2838 5271 quia
2864 5188 3031 5253 Deus
3057 5187 3262 5251 factus
3287 5187 3383 5251 est
3399 5184 3618 5258 homo,
3646 5180 3805 5245 Deus
3823 5177 3909 5239 est

2392 5351 2643 5404 Max-silius
2671 5350 2998 5412 inguen.,1u
3032 5348 3194 5410 Sem„
3225 5361 3279 5410 q.
3314 5358 3385 5410 vt,
3414 5349 3512 5397 art.
3536 5347 3584 5406 3,
3627 5341 3745 5393 dub.
3773 5339 3817 5389 ⁹.
3851 5356 3904 5370 -

2391 5427 2413 5461 ¹
2434 5427 2586 5488 Aug„
2613 5422 2675 5473 de
2701 5423 2862 5484 Tria..
2887 5420 2978 5473 lib.
3003 5422 3046 5486 I,
3075 5435 3124 5471 c.
3146 5430 3279 5479 1111,
3300 5433 3356 5470 n.
3385 5419 3465 5470 28.
