4185 6288
1334 526 1525 594 ms'r.
1572 528 1620 594 1.
1667 527 1848 595 ΛΒΤ.
1894 526 1944 593 1.
1990 526 2290 606 QUAEST.
2336 528 2410 594 11.

302 660 611 737 mimus,
635 666 697 728 et
722 663 1152 743 mansionen,
1184 666 1302 728 etc.
1330 662 1502 747 Ergo
1527 664 1822 748 impossi-

303 768 408 833 hile
434 771 523 832 est
539 767 776 834 Filium
795 771 1029 835 venire
1047 771 1117 835 in
1143 790 1425 852 carnem,
1446 772 1603 856 quin
1629 771 1825 837 simul

303 876 492 940 veniat
508 875 695 941 Pater
721 882 781 942 et
798 877 1085 962 Spiritus
1101 884 1372 945 sanctus.
1393 880 1458 944 Si
1480 898 1638 963 ergo
1660 881 1825 945 mitti

304 983 357 1046 in
376 1001 625 1047 carnem
654 988 748 1049 est
772 985 1121 1061 incarnari,
1151 987 1427 1064 videtur,
1452 992 1570 1052 etc.

368 1096 421 1155 6.
450 1091 612 1156 Item
642 1092 1034 1176 impossibile
1061 1099 1156 1159 est
1191 1095 1430 1179 aliquid
1457 1096 1822 1161 absolutum

301 1200 617 1264 convenire
655 1202 793 1281 uni,
841 1202 1019 1285 quod
1057 1221 1189 1267 non
1227 1203 1409 1268 alteri
1444 1202 1819 1284 conveniat,

300 1324 397 1390 pro
425 1325 500 1372 eo
533 1310 705 1391 quod
749 1312 880 1373 tros
916 1328 1209 1393 personae
1244 1310 1454 1376 solum
1494 1311 1824 1376 relationi·

300 1414 404 1478 bus
426 1414 916 1497 distinguuntur
938 1436 955 1481 ε
979 1434 1135 1500 ergo
1151 1416 1202 1481 si
1231 1435 1366 1482 esse
1387 1418 1817 1498 incarnatum,

297 1522 384 1585 vel
419 1541 550 1587 esse
576 1522 909 1587 hominem
928 1569 950 1601 ‚
988 1527 1084 1588 est
1118 1524 1534 1608 praedicatum
1571 1527 1821 1593 absolu·

296 1633 420 1692 tum
436 1678 453 1707 ,
503 1647 664 1711 ergo
713 1631 1098 1714 impossibile
1139 1636 1234 1697 est
1267 1633 1438 1716 quod
1484 1634 1822 1700 conveniat

294 1736 434 1815 uni,
476 1736 567 1800 ita
611 1737 784 1820 quod
825 1756 955 1802 non
998 1740 1334 1803 conveniat
1376 1740 1557 1806 alteri
1596 1763 1612 1807 ε
1660 1759 1819 1824 ergo

297 1864 413 1908 uua
436 1863 708 1929 persona
725 1865 858 1911 non
879 1851 1083 1931 potest
1105 1848 1241 1913 sine
1256 1850 1454 1914 altera
1472 1850 1813 1915 incarnari.

113 1962 269 2008 fam
362 1950 478 2017 Sed
505 1958 727 2019 contra
756 1962 775 1997 ⁸
811 1975 827 2019 :
882 1955 1149 2022 Verbum
1182 1972 1330 2023 caro
1370 1958 1611 2038 tactum
1653 1965 1749 2026 est
1789 1981 1816 2025 .-

291 2060 386 2123 sed
409 2059 688 2125 Verbum
708 2110 726 2139 ,
755 2063 917 2127 sicut
944 2064 1015 2128 in
1047 2065 1257 2148 primo
1282 2065 1445 2131 libro
1472 2072 1498 2108 ¹
1523 2066 1813 2132 habitum

292 2173 394 2245 est,
415 2170 703 2235 nominat
731 2173 1177 2255 proprietatem
1205 2192 1496 2258 personae
1527 2194 1729 2260 :ergo
1760 2178 1813 2241 si

289 2276 638 2341 attribuitur
691 2279 812 2361 ipsi
864 2279 1074 2344 verbo
1118 2280 1470 2346 incarnatio
1487 2329 1505 2359 ,
1560 2283 1814 2347 videtur

290 2382 442 2463 quod
460 2384 646 2448 alicui
666 2402 955 2468 personae
973 2386 1203 2469 poterit
1219 2389 1563 2453 convenire
1587 2408 1701 2472 per
1718 2409 1807 2455 se.

359 2488 506 2553 Item
533 2491 855 2556 incarnari
886 2511 1019 2557 non
1057 2499 1150 2558 est
1184 2494 1361 2559 aliud
1398 2495 1521 2559 nisi
1561 2497 1628 2561 in
1668 2517 1812 2562 car-

292 2613 423 2661 nem
459 2598 622 2663 mitti
665 2617 685 2664 ε
726 2600 835 2665 sed
866 2600 1037 2665 mitti
1068 2606 1271 2685 potest
1314 2606 1654 2670 convenire
1691 2607 1807 2671 uni

294 2721 553 2786 personae
595 2708 734 2773 sine
772 2708 934 2788 alia,
976 2710 1128 2793 quia
1170 2708 1366 2776 Filius
1407 2713 1714 2792 mittitur,
1744 2721 1810 2779 et

294 2829 599 2896 nunquam
627 2814 814 2881 Pater
835 2817 1225 2899 legituresse
1251 2820 1484 2885 missus
1510 2839 1527 2885 t
1555 2840 1715 2905 ergo
1742 2827 1808 2888 et

295 2919 597 2987 incarnari.

363 3027 504 3094 Item
530 3031 884 3097 incarnatio
910 3037 1008 3097 est
1022 3033 1179 3098 unio
1200 3033 1270 3098 in
1296 3052 1564 3118 persona
1596 3056 1614 3101 ε
1644 3056 1804 3120 ergo

295 3134 339 3198 si
362 3136 472 3202 alia
494 3143 587 3204 est
615 3159 890 3224 persona
924 3139 1162 3223 Patris,
1191 3142 1316 3208 alia
1342 3142 1519 3225 Filii,
1547 3146 1803 3212 videtur

294 3245 476 3325 quod,
502 3248 556 3310 si
596 3248 756 3312 unio
796 3249 876 3312 sit
912 3248 983 3311 in
1024 3267 1300 3331 persona
1339 3268 1511 3331 una,
1547 3271 1680 3317 non
1719 3256 1802 3320 sit

295 3368 512 3419 necesse
536 3356 675 3420 fleri
700 3357 773 3419 in
796 3355 925 3420 alia
957 3378 973 3420 ε
1003 3361 1070 3421 et
1110 3357 1165 3421 si
1204 3358 1362 3424 unio
1391 3363 1595 3442 potest
1625 3362 1793 3444 fieri,

292 3457 543 3525 similiter
567 3466 629 3527 et
653 3462 1025 3527 incarnatio.

359 3566 532 3651 Item,
560 3572 859 3653 quamvis
898 3588 1032 3635 una
1069 3571 1148 3635 sit
1194 3572 1427 3636 veritas
1454 3572 1657 3638 Patris
1677 3624 1694 3656 ,
1733 3581 1797 3640 et

294 3673 434 3755 Filii,
454 3682 512 3741 et
527 3679 798 3761 Spiritus
816 3678 1049 3760 sancti3
1068 3684 1283 3745 tamen
1304 3699 1573 3764 persona
1594 3682 1796 3749 Patris

294 3780 498 3862 signari
524 3790 722 3868 potest
752 3805 869 3869 per
893 3786 1071 3851 aliud
1092 3787 1388 3870 signum,
1422 3809 1618 3874 quam
1647 3813 1794 3878 per-

294 3906 423 3954 sona
440 3890 593 3973 Filii,
613 3893 717 3959 vel
739 3893 1013 3976 Spiritus
1038 3896 1264 3974 sancti,
1292 3895 1427 3961 sive
1450 3898 1793 3982 loquamur

292 3994 354 4059 de
375 3999 544 4081 signo
569 4001 795 4080 vocali,
831 4001 970 4065 sive
1006 4002 1156 4066 reali
1187 4024 1204 4066 t
1250 4004 1361 4068 sed
1389 4024 1517 4088 qua
1546 4009 1792 4074 ratione

292 4100 517 4184 signum
558 4112 763 4190 potest
800 4107 1086 4190 copulari
1135 4110 1247 4174 uni
1309 4130 1599 4195 personae
1651 4115 1790 4181 sine

293 4209 409 4275 aliis
423 4216 763 4280 secundum
780 4216 1334 4298 significationem,
1355 4220 1577 4285 eodem
1599 4224 1789 4288 modo

290 4323 457 4398 potest
504 4322 755 4406 aliquod
811 4328 1096 4388 creatum
1157 4325 1440 4409 copulari
1508 4328 1788 4396 increato

288 4430 595 4496 secundum
650 4433 967 4497 unionem
1019 4436 1415 4517 personalem
1462 4456 1478 4500 :
1534 4458 1693 4521 ergo
1732 4442 1786 4505 si

284 4551 391 4600 una
414 4542 610 4620 potest
633 4540 771 4604 sine
806 4539 1004 4605 altera
1028 4541 1270 4622 signari
1288 4591 1305 4620 ,
1348 4542 1637 4611 similiter
1664 4566 1784 4631 po—

282 4643 378 4706 test
399 4663 523 4709 una
543 4647 680 4712 sine
704 4647 904 4712 altera
922 4648 1262 4715 incarnari.

784 4891 1233 4963 CONCLUSIO.

3401 536 3469 595 Η

1936 681 2071 730 una
2097 681 2370 748 persona
2396 664 2715 731 incarnari
2742 671 2987 749 potest,
3015 668 3105 732 ita
3140 666 3309 751 quod
3344 683 3479 730 non

1935 771 2061 836 alia
2082 772 2475 849 incarnetur,
2500 773 2663 837 sicut
2683 773 2895 855 operis
2924 774 3246 839 evidentia
3271 773 3482 837 mani-

1934 878 2137 945 festat.
2171 878 2251 944 Et
2274 880 2437 945 ratio
2461 880 2661 963 hujus
2686 885 2780 945 est
2798 882 2957 947 ista:
2986 882 3139 966 quia
3155 901 3307 947 cum
3333 899 3481 946 con-

1933 986 2141 1068 tingat
2194 987 2530 1069 dupliciter
2582 989 2934 1072 comparari
2990 995 3345 1056 creaturam
3399 989 3479 1053 ad

1931 1090 2314 1169 Creatorem,
2337 1094 2632 1160 videlicet
2643 1096 2996 1160 secundum
3012 1098 3475 1180 susceptionem

1930 1198 2205 1282 alicuius
2228 1200 2703 1283 completionis,
2731 1206 2794 1266 et
2830 1202 3183 1267 secundum
3223 1202 3480 1267 relatio·

1930 1306 2031 1371 nis
2054 1306 2525 1385 habitudinem,
2555 1308 2764 1391 prima
2781 1308 3167 1390 comparatio
3195 1326 3477 1374 necessa·

1928 1413 2026 1478 rio
2049 1414 2307 1498 respicit
2333 1419 2462 1478 tres
2489 1433 2792 1498 personas
2832 1414 3195 1479 indistincte
3220 1418 3285 1479 et
3309 1415 3475 1479 indi·

1929 1521 2120 1586 visim
2138 1570 2157 1602 ,
2200 1540 2319 1606 pro
2360 1540 2438 1586 eo
2461 1522 2631 1605 quod
2660 1523 2730 1588 in
2766 1523 2860 1587 eis
2890 1527 2988 1589 est
3019 1542 3153 1590 una
3174 1523 3473 1607 perfectio

1927 1628 2277 1693 essentialis
2309 1647 2328 1692 ε
2358 1629 2748 1712 comparatio
2780 1649 2935 1696 vero
2966 1631 3321 1695 secundum
3347 1630 3472 1694 ha-

1926 1735 2284 1800 bitudinem
2313 1735 2638 1801 relationis
2665 1740 2871 1818 potest
2897 1755 3035 1803 esse
3052 1741 3344 1820 respectu
3360 1737 3471 1801 ali-

1925 1845 2114 1926 cujus
2144 1862 2434 1928 personae
2455 1844 2872 1909 determinate
2898 1849 2962 1910 et
2985 1845 3277 1909 distincte
3296 1892 3313 1920 ,
3352 1862 3471 1929 pro

1924 1968 2000 2014 eo
2044 1951 2218 2034 quod
2264 1952 2405 2016 istae
2453 1969 2744 2034 personae
2789 1952 3205 2017 relationibus
3243 1952 3471 2017 distin-

1923 2076 2060 2141 guu
2068 2065 2242 2124 ntur.
2260 2059 2564 2126 Similiter
2575 2060 2742 2126 Deus
2757 2061 3091 2145 dupliciter
3103 2061 3291 2126 habet
3306 2079 3471 2126 com·

1922 2169 2135 2250 parari
2188 2169 2267 2233 ad
2317 2173 2677 2235 creaturam
2694 2220 2712 2249 ,
2764 2170 3055 2236 videlicet
3101 2170 3169 2234 in
3219 2170 3467 2236 ratione

1921 2274 2216 2360 principii
2250 2278 2573 2342 causantis
2591 2326 2610 2358 ,
2657 2283 2721 2343 et
2757 2278 2824 2342 in
2870 2277 3118 2343 ratione
3162 2276 3468 2359 suppositi

1918 2384 2454 2450 sustentiflcantis.
2501 2385 2569 2451 ln
2598 2385 2807 2469 prima
2842 2385 3316 2467 comparatione
3353 2403 3468 2449 ne-

1918 2490 2191 2556 cessario
2214 2491 2334 2555 sibi
2362 2492 2839 2558 communicant
2863 2498 2991 2557 tres
3009 2509 3320 2575 personae,
3348 2510 3467 2575 pro

1916 2621 1993 2668 eo
2018 2603 2192 2687 quod
2218 2603 2289 2668 in
2307 2603 2436 2668 Deo
2462 2605 2654 2668 unica
2678 2609 2773 2669 est
2793 2607 3045 2681 natura,
3076 2607 3139 2668 et
3167 2603 3357 2667 unica
3373 2607 3468 2668 est

1914 2710 2123 2775 virtus
2149 2711 2474 2794 operativa
2495 2758 2515 2788 ,
2558 2729 2672 2793 per
2710 2727 2909 2793 quam
2936 2708 3103 2774 Deus
3140 2713 3465 2774 creatura-

1912 2835 2061 2882 rum
2111 2821 2205 2882 est
2250 2836 2462 2882 causa.
2512 2816 2807 2883 Secunda
2861 2834 3017 2882 vero
3070 2818 3462 2901 comparatio

1912 2927 2119 3007 potest
2143 2924 2453 3007 respicere
2478 2923 2764 3007 aliquam
2783 2942 3122 3008 personam
3139 2923 3455 3004 distincte,

1911 3049 2029 3115 pro
2053 3050 2131 3097 eo
2155 3032 2352 3116 quod,
2370 3032 2486 3097 etsi
2507 3050 2639 3097 una
2655 3050 2929 3116 persona
2952 3033 3291 3097 conveniat
3308 3051 3462 3097 cum

1909 3138 2108 3204 altera
2133 3138 2201 3204 in
2231 3142 2486 3220 natura,
2508 3143 2574 3205 et
2590 3142 2732 3224 ejus
2756 3140 3015 3218 virtute,
3037 3139 3462 3222 distinguitur

1910 3250 2125 3311 tamen
2150 3247 2233 3312 ab
2259 3247 2384 3312 alia
2409 3247 2481 3312 in
2506 3248 2857 3331 supposito,
2887 3253 2951 3313 et
2976 3247 3294 3332 personali
3315 3266 3461 3331 pro·

1907 3354 2194 3436 prietate.
2237 3353 2559 3432 Quoniam
2601 3373 2761 3436 ergo
2800 3355 2869 3419 in
2915 3355 3151 3420 unione
3195 3359 3450 3420 natura·

1904 3479 2055 3527 rum
2077 3510 2097 3542 ,
2127 3463 2264 3528 sive
2290 3462 2728 3527 incarnatione
2749 3511 2768 3539 ,
2813 3480 3084 3545 persona
3124 3461 3345 3527 divina
3388 3463 3462 3527 tlt

1903 3571 2331 3654 suppositum,
2361 3572 2498 3636 sive
2523 3570 2884 3654 hypostasis
2918 3569 3232 3634 bumanae
3266 3575 3456 3634 natu-

1902 3695 2017 3757 rae,
2052 3679 2141 3742 ita
2161 3679 2332 3762 quod
2364 3678 2543 3757 unio,
2571 3678 2707 3742 sive
2736 3677 3109 3754 incarnati0,
3149 3696 3280 3742 non
3310 3683 3457 3742 tan-

1902 3788 2042 3850 tum
2069 3784 2220 3850 dicit
2235 3785 2677 3850 habitudinem
2708 3783 2816 3848 Dei
2844 3784 2924 3849 ad
2952 3787 3312 3850 creaturam
3340 3804 3455 3868 per

1903 3892 2170 3958 modum
2198 3911 2433 3969 causas,
2462 3892 2595 3956 imo
2624 3897 2818 3956 etiam
2846 3910 2962 3975 per
2989 3892 3254 3957 modum
3288 3913 3452 3977 sup-

1901 3999 2125 4082 positi;
2160 3999 2452 4063 similiter
2488 4017 2570 4063 ex
2597 4003 2776 4082 parte
2803 4004 3115 4064 creaturae
3141 4018 3275 4066 non
3303 3999 3454 4065 dicit

1900 4105 2441 4190 comparationem
2477 4105 2688 4170 solum
2714 4111 3032 4189 quantum
3073 4107 3153 4171 ad
3193 4126 3449 4189 suscep-

1899 4215 2143 4280 tionem
2170 4213 2634 4296 completionis,
2663 4214 2772 4278 sed
2799 4214 2991 4278 etiam
3019 4219 3334 4298 quantum
3370 4218 3450 4281 ad

1898 4321 2348 4385 habitudinem
2381 4319 2701 4383 relationis
2722 4341 2737 4384 ε
2758 4320 2911 4385 hinc
2927 4326 3023 4385 est
3039 4322 3211 4404 quod
3238 4322 3448 4386 incar-
3463 4396 3481 4411 ·

1897 4430 2071 4493 natio
2097 4432 2302 4511 potest
2319 4427 2664 4491 convenire
2686 4428 2804 4492 uni
2823 4447 3136 4511 personae,
3161 4428 3251 4493 ita
3273 4430 3446 4512 quod

1897 4554 2028 4601 non
2089 4535 2427 4600 conveniat
2485 4534 2667 4599 alteri
2714 4553 2732 4597 ε
2784 4536 2957 4601 unde
3003 4536 3278 4602 rationes
3322 4537 3445 4602 hoc

1894 4642 2299 4709 ostendentes
2323 4641 2741 4706 concedenda!
2769 4648 2944 4708 sunt.

1977 4758 2037 4817 ¹.
2069 4752 2166 4817 Ad
2203 4751 2365 4816 illud
2405 4768 2559 4816 vero
2590 4751 2762 4835 quod
2803 4750 3014 4834 primo
3060 4751 3438 4834 opponitur,

1892 4861 2067 4944 quod
2085 4860 2155 4924 in
2175 4859 2410 4928 divinis
2433 4858 2651 4924 omnia
2672 4862 2828 4923 sunt
2843 4876 3054 4923 unum
3080 4862 3315 4942 praeter
3337 4862 3441 4925 in-

1892 4970 2375 5054 generationem
2394 5015 2414 5045 ,
2444 4973 2592 5044 etc„
2631 4966 2970 5030 dicendum
3003 4967 3175 5049 quod
3207 4986 3437 5033 verum

1891 5081 1987 5142 est
2031 5076 2187 5141 :sed
2227 5093 2377 5140 cum
2421 5074 2676 5153 dicitur,
2707 5072 2878 5156 quod
2911 5072 3263 5138 incarnatio
3306 5094 3437 5140 non

1741 5163 1778 5265 ·.
1887 5189 1982 5248 est
2000 5183 2237 5266 aliquid
2265 5183 2527 5260 horum,
2548 5179 2892 5245 dicendum
2927 5181 3122 5263 quod,
3155 5182 3273 5245 etsi
3299 5200 3434 5247 non

1886 5292 1966 5355 sit
1993 5290 2232 5373 aliquid
2259 5289 2493 5352 horum
2513 5335 2532 5367 ,
2564 5291 2778 5351 tamen
2803 5288 3045 5371 aliquid
3079 5289 3317 5352 horum
3336 5290 3434 5353 in-

1883 5398 2114 5475 cludit,
2145 5395 2411 5460 includit
2450 5395 2624 5459 enim
2661 5394 3046 5462 intellec-ium
3078 5397 3427 5479 personalis
3474 5434 3499 5463 n

1951 5520 2414 5585 ¹Joan..1,u.—¹
2433 5520 2548 5573 Lib.
2569 5521 2612 5584 Ι,
2635 5520 2754 5573 dist.
2778 5532 2944 5577 xxvii.
2963 5536 3015 5590 p.
3058 5535 3097 5585 1,
3120 5525 3215 5573 art.
3240 5527 3287 5583 ¹,
3307 5537 3362 5589 q.
3386 5535 3423 5576 ι.

3523 5357 3556 5399 Ιι
3575 5371 3672 5399 car-

3505 5423 3655 5464 ationis
3718 5428 3723 5436 '

3454 5481 3669 5531 diffinitio.
