<?xml version="1.0" encoding="UTF-8"?>
<!DOCTYPE html PUBLIC "-//W3C//DTD XHTML 1.0 Transitional//EN"
    "http://www.w3.org/TR/xhtml1/DTD/xhtml1-transitional.dtd">
<html xmlns="http://www.w3.org/1999/xhtml" xml:lang="en" lang="en">
 <head>
  <title>
</title>
<meta http-equiv="Content-Type" content="text/html;charset=utf-8" />
  <meta name='ocr-system' content='tesseract 3.04.00' />
  <meta name='ocr-capabilities' content='ocr_page ocr_carea ocr_par ocr_line ocrx_word'/>
</head>
<body>
  <div class='ocr_page' id='page_1' title='image "./srecardinalissb01cargoog_0382.png"; bbox 0 0 4185 6288; ppageno 0'>
   <div class='ocr_carea' id='block_1_1' title="bbox 689 454 806 513">
    <p class='ocr_par' dir='ltr' id='par_1_1' title="bbox 689 454 806 513">
     <span class='ocr_line' id='line_1_1' title="bbox 689 454 806 513; baseline 0 0"><span class='ocrx_word' id='word_1_1' title='bbox 689 454 806 513; x_wconf 79' lang='lat'><strong>360</strong></span> 
     </span>
    </p>
   </div>
   <div class='ocr_carea' id='block_1_2' title="bbox 689 568 2236 2586">
    <p class='ocr_par' dir='ltr' id='par_1_2' title="bbox 689 568 2228 1087">
     <span class='ocr_line' id='line_1_2' title="bbox 691 568 2226 653; baseline -0.008 -7"><span class='ocrx_word' id='word_1_2' title='bbox 691 580 957 646; x_wconf 80' lang='lat' dir='ltr'><strong>miseria</strong></span> <span class='ocrx_word' id='word_1_3' title='bbox 988 576 1339 643; x_wconf 87' lang='lat' dir='ltr'><strong>secundum</strong></span> <span class='ocrx_word' id='word_1_4' title='bbox 1378 574 1671 639; x_wconf 92' lang='lat' dir='ltr'><strong>eamdem</strong></span> <span class='ocrx_word' id='word_1_5' title='bbox 1714 573 1950 636; x_wconf 88' lang='lat' dir='ltr'><strong>animae</strong></span> <span class='ocrx_word' id='word_1_6' title='bbox 1991 568 2226 653; x_wconf 89' lang='lat' dir='ltr'><strong>portio·</strong></span> 
     </span>
     <span class='ocr_line' id='line_1_3' title="bbox 691 678 2228 755; baseline -0.008 0"><span class='ocrx_word' id='word_1_7' title='bbox 691 708 840 755; x_wconf 91' lang='lat' dir='ltr'><strong>nem</strong></span> <span class='ocrx_word' id='word_1_8' title='bbox 866 707 884 753; x_wconf 72' lang='grc' dir='ltr'>ε</span> <span class='ocrx_word' id='word_1_9' title='bbox 911 687 1020 752; x_wconf 88' lang='lat' dir='ltr'><strong>sed</strong></span> <span class='ocrx_word' id='word_1_10' title='bbox 1060 682 1382 748; x_wconf 79' lang='lat' dir='ltr'><strong>beatitudo</strong></span> <span class='ocrx_word' id='word_1_11' title='bbox 1431 686 1566 746; x_wconf 87' lang='lat' dir='ltr'><strong>erat</strong></span> <span class='ocrx_word' id='word_1_12' title='bbox 1604 682 1675 745; x_wconf 89' lang='lat' dir='ltr'><strong>in</strong></span> <span class='ocrx_word' id='word_1_13' title='bbox 1723 678 1970 745; x_wconf 89' lang='lat' dir='ltr'><strong>Christo</strong></span> <span class='ocrx_word' id='word_1_14' title='bbox 2004 696 2228 743; x_wconf 88' lang='lat' dir='ltr'><strong>secun·</strong></span> 
     </span>
     <span class='ocr_line' id='line_1_4' title="bbox 692 788 2226 876; baseline -0.007 -15"><span class='ocrx_word' id='word_1_15' title='bbox 692 796 847 862; x_wconf 93' lang='lat' dir='ltr'><strong>dum</strong></span> <span class='ocrx_word' id='word_1_16' title='bbox 890 791 1244 876; x_wconf 90' lang='lat' dir='ltr'><strong>portionem</strong></span> <span class='ocrx_word' id='word_1_17' title='bbox 1286 788 1522 853; x_wconf 82' lang='lat' dir='ltr'><strong>animae</strong></span> <span class='ocrx_word' id='word_1_18' title='bbox 1563 789 1958 871; x_wconf 89' lang='lat' dir='ltr'><strong>superiorem</strong></span> <span class='ocrx_word' id='word_1_19' title='bbox 2003 810 2020 850; x_wconf 74' lang='grc' dir='ltr'>ι</span> <span class='ocrx_word' id='word_1_20' title='bbox 2066 804 2226 868; x_wconf 81' lang='lat' dir='ltr'><strong>ergo</strong></span> 
     </span>
     <span class='ocr_line' id='line_1_5' title="bbox 690 895 2226 985; baseline -0.007 -17"><span class='ocrx_word' id='word_1_21' title='bbox 690 899 1076 985; x_wconf 88' lang='lat' dir='ltr'><strong>impossibile</strong></span> <span class='ocrx_word' id='word_1_22' title='bbox 1138 897 1262 962; x_wconf 76' lang='lat' dir='ltr'><strong>ruit</strong></span> <span class='ocrx_word' id='word_1_23' title='bbox 1324 896 1680 961; x_wconf 89' lang='lat' dir='ltr'><strong>secundum</strong></span> <span class='ocrx_word' id='word_1_24' title='bbox 1742 895 1917 960; x_wconf 90' lang='lat' dir='ltr'><strong>illam</strong></span> <span class='ocrx_word' id='word_1_25' title='bbox 1983 898 2226 978; x_wconf 90' lang='lat' dir='ltr'><strong>partem</strong></span> 
     </span>
     <span class='ocr_line' id='line_1_6' title="bbox 689 1003 1797 1087; baseline -0.004 -16"><span class='ocrx_word' id='word_1_26' title='bbox 689 1009 893 1073; x_wconf 83' lang='lat' dir='ltr'><strong>inesse</strong></span> <span class='ocrx_word' id='word_1_27' title='bbox 920 1006 1165 1071; x_wconf 88' lang='lat' dir='ltr'><strong>Christo</strong></span> <span class='ocrx_word' id='word_1_28' title='bbox 1192 1004 1470 1087; x_wconf 81' lang='lat' dir='ltr'>aliquem</span> <span class='ocrx_word' id='word_1_29' title='bbox 1493 1003 1797 1069; x_wconf 88' lang='lat' dir='ltr'><strong>dolorem.</strong></span> 
     </span>
    </p>

    <p class='ocr_par' dir='ltr' id='par_1_3' title="bbox 691 1110 2232 1820">
     <span class='ocr_line' id='line_1_7' title="bbox 770 1110 2227 1196; baseline -0.004 -17"><span class='ocrx_word' id='word_1_30' title='bbox 770 1118 828 1179; x_wconf 77' lang='grc' dir='ltr'><strong>ὅ.</strong></span> <span class='ocrx_word' id='word_1_31' title='bbox 876 1114 1034 1178; x_wconf 87' lang='lat' dir='ltr'><strong>Item</strong></span> <span class='ocrx_word' id='word_1_32' title='bbox 1073 1112 1351 1196; x_wconf 83' lang='lat' dir='ltr'><strong>potentia</strong></span> <span class='ocrx_word' id='word_1_33' title='bbox 1389 1111 1499 1175; x_wconf 90' lang='lat' dir='ltr'><strong>illa</strong></span> <span class='ocrx_word' id='word_1_34' title='bbox 1536 1110 1806 1194; x_wconf 86' lang='lat' dir='ltr'><strong>simplex</strong></span> <span class='ocrx_word' id='word_1_35' title='bbox 1848 1113 2032 1175; x_wconf 88' lang='lat' dir='ltr'><strong>erat:</strong></span> <span class='ocrx_word' id='word_1_36' title='bbox 2068 1125 2227 1190; x_wconf 79' lang='lat' dir='ltr'><strong>ergo</strong></span> 
     </span>
     <span class='ocr_line' id='line_1_8' title="bbox 691 1215 2228 1304; baseline -0.005 -17"><span class='ocrx_word' id='word_1_37' title='bbox 691 1222 770 1287; x_wconf 89' lang='lat' dir='ltr'><strong>ad</strong></span> <span class='ocrx_word' id='word_1_38' title='bbox 799 1221 967 1304; x_wconf 93' lang='lat' dir='ltr'><strong>quod</strong></span> <span class='ocrx_word' id='word_1_39' title='bbox 996 1239 1063 1284; x_wconf 89' lang='lat' dir='ltr'><strong>se</strong></span> <span class='ocrx_word' id='word_1_40' title='bbox 1089 1218 1525 1297; x_wconf 82' lang='lat' dir='ltr'><strong>convertebat,</strong></span> <span class='ocrx_word' id='word_1_41' title='bbox 1555 1217 1907 1282; x_wconf 90' lang='lat' dir='ltr'><strong>secundum</strong></span> <span class='ocrx_word' id='word_1_42' title='bbox 1936 1215 2228 1280; x_wconf 84' lang='lat' dir='ltr'><strong>eamdem</strong></span> 
     </span>
     <span class='ocr_line' id='line_1_9' title="bbox 691 1323 2228 1412; baseline -0.005 -19"><span class='ocrx_word' id='word_1_43' title='bbox 691 1333 937 1412; x_wconf 88' lang='lat' dir='ltr'><strong>partem</strong></span> <span class='ocrx_word' id='word_1_44' title='bbox 963 1326 1238 1391; x_wconf 89' lang='lat' dir='ltr'><strong>totaliter</strong></span> <span class='ocrx_word' id='word_1_45' title='bbox 1265 1323 1605 1388; x_wconf 83' lang='lat' dir='ltr'><strong>ferebatur.</strong></span> <span class='ocrx_word' id='word_1_46' title='bbox 1638 1323 1706 1387; x_wconf 91' lang='lat' dir='ltr'><strong>Si</strong></span> <span class='ocrx_word' id='word_1_47' title='bbox 1734 1341 1890 1405; x_wconf 84' lang='lat' dir='ltr'><strong>ergo</strong></span> <span class='ocrx_word' id='word_1_48' title='bbox 1911 1325 2228 1406; x_wconf 88' lang='lat' dir='ltr'><strong>quantum</strong></span> 
     </span>
     <span class='ocr_line' id='line_1_10' title="bbox 692 1431 2232 1519; baseline -0.005 -18"><span class='ocrx_word' id='word_1_49' title='bbox 692 1436 769 1501; x_wconf 87' lang='lat' dir='ltr'><strong>ad</strong></span> <span class='ocrx_word' id='word_1_50' title='bbox 810 1436 1206 1519; x_wconf 89' lang='lat' dir='ltr'><strong>superiorem</strong></span> <span class='ocrx_word' id='word_1_51' title='bbox 1239 1435 1486 1514; x_wconf 90' lang='lat' dir='ltr'><strong>partem</strong></span> <span class='ocrx_word' id='word_1_52' title='bbox 1512 1431 1777 1494; x_wconf 90' lang='lat' dir='ltr'><strong>rationis</strong></span> <span class='ocrx_word' id='word_1_53' title='bbox 1814 1447 2067 1512; x_wconf 81' lang='lat' dir='ltr'><strong>semper</strong></span> <span class='ocrx_word' id='word_1_54' title='bbox 2095 1434 2232 1495; x_wconf 90' lang='lat' dir='ltr'><strong>erat</strong></span> 
     </span>
     <span class='ocr_line' id='line_1_11' title="bbox 694 1537 2231 1623; baseline -0.004 -16"><span class='ocrx_word' id='word_1_55' title='bbox 694 1560 1042 1607; x_wconf 82' lang='lat' dir='ltr'><strong>conversus</strong></span> <span class='ocrx_word' id='word_1_56' title='bbox 1067 1541 1147 1605; x_wconf 92' lang='lat' dir='ltr'><strong>ad</strong></span> <span class='ocrx_word' id='word_1_57' title='bbox 1175 1540 1376 1605; x_wconf 88' lang='lat' dir='ltr'><strong>Deum</strong></span> <span class='ocrx_word' id='word_1_58' title='bbox 1396 1589 1417 1621; x_wconf 93' lang='lat'><strong>,</strong></span> <span class='ocrx_word' id='word_1_59' title='bbox 1448 1559 1490 1604; x_wconf 89' lang='lat' dir='ltr'><strong>a</strong></span> <span class='ocrx_word' id='word_1_60' title='bbox 1523 1558 1651 1623; x_wconf 90' lang='lat' dir='ltr'><strong>quo</strong></span> <span class='ocrx_word' id='word_1_61' title='bbox 1695 1537 2030 1602; x_wconf 78' lang='lat' dir='ltr'><strong>hauriebat</strong></span> <span class='ocrx_word' id='word_1_62' title='bbox 2055 1556 2231 1620; x_wconf 82' lang='lat' dir='ltr'><strong>gau-</strong></span> 
     </span>
     <span class='ocr_line' id='line_1_12' title="bbox 693 1645 2231 1731; baseline -0.003 -17"><span class='ocrx_word' id='word_1_63' title='bbox 693 1650 896 1731; x_wconf 91' lang='lat' dir='ltr'><strong>dium,</strong></span> <span class='ocrx_word' id='word_1_64' title='bbox 926 1649 1178 1714; x_wconf 85' lang='lat' dir='ltr'><strong>videtur</strong></span> <span class='ocrx_word' id='word_1_65' title='bbox 1208 1647 1379 1730; x_wconf 92' lang='lat' dir='ltr'><strong>quod</strong></span> <span class='ocrx_word' id='word_1_66' title='bbox 1402 1647 1757 1712; x_wconf 91' lang='lat' dir='ltr'><strong>secundum</strong></span> <span class='ocrx_word' id='word_1_67' title='bbox 1782 1645 1959 1709; x_wconf 89' lang='lat' dir='ltr'><strong>illam</strong></span> <span class='ocrx_word' id='word_1_68' title='bbox 1986 1645 2231 1728; x_wconf 89' lang='lat' dir='ltr'><strong>portio-</strong></span> 
     </span>
     <span class='ocr_line' id='line_1_13' title="bbox 693 1749 1864 1820; baseline -0.003 -1"><span class='ocrx_word' id='word_1_69' title='bbox 693 1773 846 1820; x_wconf 85' lang='lat' dir='ltr'><strong>nem</strong></span> <span class='ocrx_word' id='word_1_70' title='bbox 873 1755 1127 1818; x_wconf 92' lang='lat' dir='ltr'><strong>nullum</strong></span> <span class='ocrx_word' id='word_1_71' title='bbox 1153 1754 1460 1818; x_wconf 80' lang='lat' dir='ltr'><strong>sentiebat</strong></span> <span class='ocrx_word' id='word_1_72' title='bbox 1488 1749 1864 1817; x_wconf 87' lang='lat' dir='ltr'><strong>cruciatum.</strong></span> 
     </span>
    </p>

    <p class='ocr_par' dir='ltr' id='par_1_4' title="bbox 694 1859 2236 2586">
     <span class='ocr_line' id='line_1_14' title="bbox 775 1859 2235 1944; baseline -0.003 -18"><span class='ocrx_word' id='word_1_73' title='bbox 775 1866 837 1926; x_wconf 88' lang='grc'><strong>6.</strong></span> <span class='ocrx_word' id='word_1_74' title='bbox 873 1861 1053 1942; x_wconf 86' lang='lat' dir='ltr'><strong>Item,</strong></span> <span class='ocrx_word' id='word_1_75' title='bbox 1083 1860 1371 1943; x_wconf 87' lang='lat' dir='ltr'><strong>superior</strong></span> <span class='ocrx_word' id='word_1_76' title='bbox 1396 1860 1599 1944; x_wconf 90' lang='lat' dir='ltr'><strong>portio</strong></span> <span class='ocrx_word' id='word_1_77' title='bbox 1612 1859 1879 1924; x_wconf 91' lang='lat' dir='ltr'><strong>rationis</strong></span> <span class='ocrx_word' id='word_1_78' title='bbox 1900 1859 2235 1941; x_wconf 83' lang='lat' dir='ltr'><strong>distingui-</strong></span> 
     </span>
     <span class='ocr_line' id='line_1_15' title="bbox 695 1965 2234 2049; baseline -0.003 -16"><span class='ocrx_word' id='word_1_79' title='bbox 695 1973 806 2034; x_wconf 85' lang='lat' dir='ltr'><strong>tur</strong></span> <span class='ocrx_word' id='word_1_80' title='bbox 830 1968 911 2032; x_wconf 91' lang='lat' dir='ltr'><strong>ab</strong></span> <span class='ocrx_word' id='word_1_81' title='bbox 937 1966 1219 2032; x_wconf 87' lang='lat' dir='ltr'><strong>inferiori</strong></span> <span class='ocrx_word' id='word_1_82' title='bbox 1254 1967 1323 2030; x_wconf 93' lang='lat' dir='ltr'><strong>in</strong></span> <span class='ocrx_word' id='word_1_83' title='bbox 1349 1966 1502 2045; x_wconf 81' lang='lat' dir='ltr'><strong>hoc,</strong></span> <span class='ocrx_word' id='word_1_84' title='bbox 1537 1967 1709 2049; x_wconf 90' lang='lat' dir='ltr'><strong>quod</strong></span> <span class='ocrx_word' id='word_1_85' title='bbox 1736 1966 1872 2048; x_wconf 88' lang='lat' dir='ltr'><strong>ipsa</strong></span> <span class='ocrx_word' id='word_1_86' title='bbox 1908 1965 2134 2048; x_wconf 81' lang='lat' dir='ltr'><strong>aspicit</strong></span> <span class='ocrx_word' id='word_1_87' title='bbox 2154 1966 2234 2029; x_wconf 92' lang='lat' dir='ltr'><strong>ad</strong></span> 
     </span>
     <span class='ocr_line' id='line_1_16' title="bbox 694 2071 2234 2158; baseline -0.002 -20"><span class='ocrx_word' id='word_1_88' title='bbox 694 2076 1026 2158; x_wconf 81' lang='lat' dir='ltr'><strong>superiora</strong></span> <span class='ocrx_word' id='word_1_89' title='bbox 1045 2122 1064 2155; x_wconf 96' lang='lat'><strong>,</strong></span> <span class='ocrx_word' id='word_1_90' title='bbox 1107 2074 1248 2138; x_wconf 83' lang='lat' dir='ltr'><strong>haec</strong></span> <span class='ocrx_word' id='word_1_91' title='bbox 1285 2072 1367 2137; x_wconf 91' lang='lat' dir='ltr'><strong>ad</strong></span> <span class='ocrx_word' id='word_1_92' title='bbox 1397 2073 1698 2137; x_wconf 82' lang='lat' dir='ltr'><strong>inferiora</strong></span> <span class='ocrx_word' id='word_1_93' title='bbox 1731 2095 1745 2137; x_wconf 90' lang='lat'>:</span> <span class='ocrx_word' id='word_1_94' title='bbox 1777 2073 1830 2135; x_wconf 93' lang='lat' dir='ltr'><strong>si</strong></span> <span class='ocrx_word' id='word_1_95' title='bbox 1859 2090 2018 2154; x_wconf 82' lang='lat' dir='ltr'><strong>ergo</strong></span> <span class='ocrx_word' id='word_1_96' title='bbox 2045 2071 2234 2136; x_wconf 92' lang='lat' dir='ltr'><strong>Chri-</strong></span> 
     </span>
     <span class='ocr_line' id='line_1_17' title="bbox 697 2163 2235 2261; baseline -0.002 -16"><span class='ocrx_word' id='word_1_97' title='bbox 697 2186 832 2246; x_wconf 82' lang='lat' dir='ltr'><strong>stus</strong></span> <span class='ocrx_word' id='word_1_98' title='bbox 853 2181 1097 2244; x_wconf 91' lang='lat' dir='ltr'><strong>nullam</strong></span> <span class='ocrx_word' id='word_1_99' title='bbox 1120 2180 1454 2244; x_wconf 80' lang='lat' dir='ltr'><strong>materiam</strong></span> <span class='ocrx_word' id='word_1_100' title='bbox 1478 2163 1711 2244; x_wconf 84' lang='lat' dir='ltr'><strong>doloris</strong></span> <span class='ocrx_word' id='word_1_101' title='bbox 1732 2179 1955 2244; x_wconf 86' lang='lat' dir='ltr'><strong>habuit</strong></span> <span class='ocrx_word' id='word_1_102' title='bbox 1983 2198 2022 2243; x_wconf 93' lang='lat' dir='ltr'><strong>a</strong></span> <span class='ocrx_word' id='word_1_103' title='bbox 2048 2196 2235 2261; x_wconf 87' lang='lat' dir='ltr'><strong>supe·</strong></span> 
     </span>
     <span class='ocr_line' id='line_1_18' title="bbox 694 2287 2236 2372; baseline 0 -19"><span class='ocrx_word' id='word_1_104' title='bbox 694 2289 872 2368; x_wconf 90' lang='lat' dir='ltr'><strong>riori,</strong></span> <span class='ocrx_word' id='word_1_105' title='bbox 903 2289 1013 2354; x_wconf 88' lang='lat' dir='ltr'><strong>sed</strong></span> <span class='ocrx_word' id='word_1_106' title='bbox 1039 2290 1247 2353; x_wconf 91' lang='lat' dir='ltr'><strong>solum</strong></span> <span class='ocrx_word' id='word_1_107' title='bbox 1277 2289 1358 2352; x_wconf 88' lang='lat' dir='ltr'><strong>ab</strong></span> <span class='ocrx_word' id='word_1_108' title='bbox 1390 2288 1634 2367; x_wconf 87' lang='lat' dir='ltr'><strong>infim0,</strong></span> <span class='ocrx_word' id='word_1_109' title='bbox 1672 2287 1925 2353; x_wconf 83' lang='lat' dir='ltr'><strong>videtur</strong></span> <span class='ocrx_word' id='word_1_110' title='bbox 1942 2288 2114 2372; x_wconf 88' lang='lat' dir='ltr'><strong>quod</strong></span> <span class='ocrx_word' id='word_1_111' title='bbox 2134 2307 2236 2353; x_wconf 89' lang='lat' dir='ltr'><strong>su·</strong></span> 
     </span>
     <span class='ocr_line' id='line_1_19' title="bbox 694 2395 2236 2480; baseline -0.001 -19"><span class='ocrx_word' id='word_1_112' title='bbox 694 2398 905 2480; x_wconf 91' lang='lat' dir='ltr'><strong>perior</strong></span> <span class='ocrx_word' id='word_1_113' title='bbox 943 2396 1152 2480; x_wconf 91' lang='lat' dir='ltr'><strong>portio</strong></span> <span class='ocrx_word' id='word_1_114' title='bbox 1182 2397 1447 2461; x_wconf 88' lang='lat' dir='ltr'><strong>rationis</strong></span> <span class='ocrx_word' id='word_1_115' title='bbox 1473 2395 1654 2459; x_wconf 92' lang='lat' dir='ltr'><strong>nullo</strong></span> <span class='ocrx_word' id='word_1_116' title='bbox 1681 2396 1871 2462; x_wconf 92' lang='lat' dir='ltr'><strong>modo</strong></span> <span class='ocrx_word' id='word_1_117' title='bbox 1913 2399 2236 2480; x_wconf 87' lang='lat' dir='ltr'><strong>pateretur</strong></span> 
     </span>
     <span class='ocr_line' id='line_1_20' title="bbox 695 2521 946 2586; baseline 0 -19"><span class='ocrx_word' id='word_1_118' title='bbox 695 2521 763 2567; x_wconf 91' lang='lat' dir='ltr'><strong>1n</strong></span> <span class='ocrx_word' id='word_1_119' title='bbox 788 2521 946 2586; x_wconf 76' lang='lat' dir='ltr'><strong>ipso.</strong></span> 
     </span>
    </p>
   </div>
   <div class='ocr_carea' id='block_1_3' title="bbox 1100 2663 1675 2768">
    <p class='ocr_par' dir='ltr' id='par_1_5' title="bbox 1100 2663 1675 2768">
     <span class='ocr_line' id='line_1_21' title="bbox 1100 2663 1675 2768; baseline 0.002 -38"><span class='ocrx_word' id='word_1_120' title='bbox 1100 2753 1109 2768; x_wconf 37' lang='grc' dir='ltr'>Ι</span> <span class='ocrx_word' id='word_1_121' title='bbox 1226 2663 1675 2731; x_wconf 76' lang='lat' dir='ltr'><strong>coNchsm.</strong></span> 
     </span>
    </p>
   </div>
   <div class='ocr_carea' id='block_1_4' title="bbox 698 2810 2239 3048">
    <p class='ocr_par' dir='ltr' id='par_1_6' title="bbox 698 2810 2239 3048">
     <span class='ocr_line' id='line_1_22' title="bbox 698 2810 2236 2890; baseline 0.001 -19"><span class='ocrx_word' id='word_1_122' title='bbox 698 2814 939 2890; x_wconf 59' lang='lat' dir='ltr'><strong>Chi-§stus</strong></span> <span class='ocrx_word' id='word_1_123' title='bbox 969 2827 1162 2884; x_wconf 76' lang='lat' dir='ltr'><strong>passus</strong></span> <span class='ocrx_word' id='word_1_124' title='bbox 1188 2815 1265 2868; x_wconf 79' lang='lat' dir='ltr'><strong>est</strong></span> <span class='ocrx_word' id='word_1_125' title='bbox 1292 2813 1458 2867; x_wconf 77' lang='lat' dir='ltr'><strong>etiam</strong></span> <span class='ocrx_word' id='word_1_126' title='bbox 1482 2810 1764 2869; x_wconf 59' lang='lat' dir='ltr'><strong>secuan</strong></span> <span class='ocrx_word' id='word_1_127' title='bbox 1803 2815 2104 2885; x_wconf 73' lang='lat' dir='ltr'><strong>portionem</strong></span> <span class='ocrx_word' id='word_1_128' title='bbox 2144 2830 2236 2872; x_wconf 82' lang='lat' dir='ltr'><strong>su-</strong></span> 
     </span>
     <span class='ocr_line' id='line_1_23' title="bbox 764 2903 2239 2975; baseline 0.003 -18"><span class='ocrx_word' id='word_1_129' title='bbox 764 2903 1029 2975; x_wconf 78' lang='lat' dir='ltr'><strong>periorem</strong></span> <span class='ocrx_word' id='word_1_130' title='bbox 1056 2903 1315 2968; x_wconf 75' lang='lat' dir='ltr'><strong>rationis,</strong></span> <span class='ocrx_word' id='word_1_131' title='bbox 1344 2903 1405 2957; x_wconf 81' lang='lat' dir='ltr'><strong>in</strong></span> <span class='ocrx_word' id='word_1_132' title='bbox 1424 2905 1687 2973; x_wconf 82' lang='lat' dir='ltr'><strong>quantum</strong></span> <span class='ocrx_word' id='word_1_133' title='bbox 1713 2905 1893 2974; x_wconf 80' lang='lat' dir='ltr'><strong>portio</strong></span> <span class='ocrx_word' id='word_1_134' title='bbox 1917 2903 2023 2959; x_wconf 81' lang='lat' dir='ltr'><strong>illa</strong></span> <span class='ocrx_word' id='word_1_135' title='bbox 2050 2907 2114 2959; x_wconf 79' lang='lat' dir='ltr'><strong>ut</strong></span> <span class='ocrx_word' id='word_1_136' title='bbox 2139 2919 2239 2961; x_wconf 81' lang='lat' dir='ltr'><strong>na·</strong></span> 
     </span>
     <span class='ocr_line' id='line_1_24' title="bbox 771 2989 1313 3048; baseline -0.006 -2"><span class='ocrx_word' id='word_1_137' title='bbox 771 2997 897 3046; x_wconf 75' lang='lat' dir='ltr'><strong>eura</strong></span> <span class='ocrx_word' id='word_1_138' title='bbox 931 2989 1313 3048; x_wconf 75' lang='lat' dir='ltr'><strong>consideratur.</strong></span> 
     </span>
    </p>
   </div>
   <div class='ocr_carea' id='block_1_5' title="bbox 704 3149 2242 3558">
    <p class='ocr_par' dir='ltr' id='par_1_7' title="bbox 704 3149 2242 3558">
     <span class='ocr_line' id='line_1_25' title="bbox 780 3149 2239 3236; baseline 0.005 -22"><span class='ocrx_word' id='word_1_139' title='bbox 780 3149 966 3232; x_wconf 90' lang='lat' dir='ltr'><strong>Resp.</strong></span> <span class='ocrx_word' id='word_1_140' title='bbox 997 3149 1076 3215; x_wconf 92' lang='lat' dir='ltr'><strong>ad</strong></span> <span class='ocrx_word' id='word_1_141' title='bbox 1103 3167 1246 3233; x_wconf 82' lang='lat' dir='ltr'><strong>arg.</strong></span> <span class='ocrx_word' id='word_1_142' title='bbox 1291 3151 1640 3217; x_wconf 81' lang='lat' dir='ltr'><strong>Dicendum</strong></span> <span class='ocrx_word' id='word_1_143' title='bbox 1676 3154 1847 3236; x_wconf 89' lang='lat' dir='ltr'><strong>quod</strong></span> <span class='ocrx_word' id='word_1_144' title='bbox 1885 3154 2239 3222; x_wconf 76' lang='lat' dir='ltr'><strong>secundm</strong></span> 
     </span>
     <span class='ocr_line' id='line_1_26' title="bbox 704 3260 2241 3345; baseline 0.005 -23"><span class='ocrx_word' id='word_1_145' title='bbox 704 3275 1112 3322; x_wconf 91' lang='lat' dir='ltr'><strong>communem</strong></span> <span class='ocrx_word' id='word_1_146' title='bbox 1139 3260 1514 3325; x_wconf 86' lang='lat' dir='ltr'><strong>sententiam</strong></span> <span class='ocrx_word' id='word_1_147' title='bbox 1530 3260 2013 3342; x_wconf 81' lang='lat' dir='ltr'><strong>magistrorum,</strong></span> <span class='ocrx_word' id='word_1_148' title='bbox 2035 3263 2241 3345; x_wconf 86' lang='lat' dir='ltr'><strong>passio</strong></span> 
     </span>
     <span class='ocr_line' id='line_1_27' title="bbox 706 3365 2242 3450; baseline 0.005 -21"><span class='ocrx_word' id='word_1_149' title='bbox 706 3365 936 3429; x_wconf 80' lang='lat' dir='ltr'><strong>Christi</strong></span> <span class='ocrx_word' id='word_1_150' title='bbox 961 3384 1090 3430; x_wconf 92' lang='lat' dir='ltr'><strong>non</strong></span> <span class='ocrx_word' id='word_1_151' title='bbox 1109 3367 1317 3431; x_wconf 90' lang='lat' dir='ltr'><strong>solum</strong></span> <span class='ocrx_word' id='word_1_152' title='bbox 1354 3367 1524 3432; x_wconf 87' lang='lat' dir='ltr'><strong>stetit</strong></span> <span class='ocrx_word' id='word_1_153' title='bbox 1549 3368 1617 3431; x_wconf 90' lang='lat' dir='ltr'><strong>in</strong></span> <span class='ocrx_word' id='word_1_154' title='bbox 1648 3368 2052 3435; x_wconf 78' lang='lat' dir='ltr'><strong>sensualitate</strong></span> <span class='ocrx_word' id='word_1_155' title='bbox 2075 3420 2095 3450; x_wconf 90' lang='lat'><strong>,</strong></span> <span class='ocrx_word' id='word_1_156' title='bbox 2123 3389 2242 3436; x_wconf 91' lang='lat' dir='ltr'><strong>nec</strong></span> 
     </span>
     <span class='ocr_line' id='line_1_28' title="bbox 706 3475 2238 3558; baseline 0.004 -21"><span class='ocrx_word' id='word_1_157' title='bbox 706 3476 957 3537; x_wconf 89' lang='lat' dir='ltr'><strong>tantum</strong></span> <span class='ocrx_word' id='word_1_158' title='bbox 1010 3475 1299 3557; x_wconf 86' lang='lat' dir='ltr'><strong>pervenit</strong></span> <span class='ocrx_word' id='word_1_159' title='bbox 1349 3476 1427 3539; x_wconf 91' lang='lat' dir='ltr'><strong>ad</strong></span> <span class='ocrx_word' id='word_1_160' title='bbox 1476 3475 1788 3540; x_wconf 90' lang='lat' dir='ltr'><strong>rationem</strong></span> <span class='ocrx_word' id='word_1_161' title='bbox 1831 3475 2198 3542; x_wconf 75' lang='lat' dir='ltr'><strong>interiorem</strong></span> <span class='ocrx_word' id='word_1_162' title='bbox 2219 3525 2238 3558; x_wconf 81' lang='lat'><strong>,</strong></span> 
     </span>
    </p>
   </div>
   <div class='ocr_carea' id='block_1_6' title="bbox 701 3579 2244 3766">
    <p class='ocr_par' dir='ltr' id='par_1_8' title="bbox 701 3579 2244 3766">
     <span class='ocr_line' id='line_1_29' title="bbox 701 3579 2243 3668; baseline 0.003 -23"><span class='ocrx_word' id='word_1_163' title='bbox 701 3579 810 3645; x_wconf 87' lang='lat' dir='ltr'><strong>sed</strong></span> <span class='ocrx_word' id='word_1_164' title='bbox 839 3582 1121 3647; x_wconf 81' lang='lat' dir='ltr'><strong>extendit</strong></span> <span class='ocrx_word' id='word_1_165' title='bbox 1152 3601 1220 3647; x_wconf 92' lang='lat' dir='ltr'><strong>se</strong></span> <span class='ocrx_word' id='word_1_166' title='bbox 1243 3601 1447 3666; x_wconf 92' lang='lat' dir='ltr'><strong>usque</strong></span> <span class='ocrx_word' id='word_1_167' title='bbox 1476 3583 1554 3647; x_wconf 90' lang='lat' dir='ltr'><strong>ad</strong></span> <span class='ocrx_word' id='word_1_168' title='bbox 1581 3583 1974 3666; x_wconf 89' lang='lat' dir='ltr'><strong>superiorem</strong></span> <span class='ocrx_word' id='word_1_169' title='bbox 2001 3584 2243 3668; x_wconf 82' lang='lat' dir='ltr'><strong>portio-</strong></span> 
     </span>
     <span class='ocr_line' id='line_1_30' title="bbox 701 3679 2244 3766; baseline 0.006 -25"><span class='ocrx_word' id='word_1_170' title='bbox 701 3697 873 3742; x_wconf 89' lang='lat' dir='ltr'><strong>nem.</strong></span> <span class='ocrx_word' id='word_1_171' title='bbox 915 3679 1092 3744; x_wconf 87' lang='lat' dir='ltr'><strong>Sicut</strong></span> <span class='ocrx_word' id='word_1_172' title='bbox 1135 3681 1307 3744; x_wconf 89' lang='lat' dir='ltr'><strong>enim</strong></span> <span class='ocrx_word' id='word_1_173' title='bbox 1347 3681 1563 3745; x_wconf 90' lang='lat' dir='ltr'><strong>anima</strong></span> <span class='ocrx_word' id='word_1_174' title='bbox 1601 3684 1818 3747; x_wconf 88' lang='lat' dir='ltr'><strong>nostra</strong></span> <span class='ocrx_word' id='word_1_175' title='bbox 1850 3701 1933 3747; x_wconf 84' lang='lat' dir='ltr'><strong>ex</strong></span> <span class='ocrx_word' id='word_1_176' title='bbox 1969 3685 2244 3766; x_wconf 83' lang='lat' dir='ltr'><strong>conjun-</strong></span> 
     </span>
    </p>
   </div>
   <div class='ocr_carea' id='block_1_7' title="bbox 700 3785 2242 5370">
    <p class='ocr_par' dir='ltr' id='par_1_9' title="bbox 700 3785 2242 5370">
     <span class='ocr_line' id='line_1_31' title="bbox 700 3785 2242 3871; baseline 0.005 -22"><span class='ocrx_word' id='word_1_177' title='bbox 700 3785 906 3849; x_wconf 81' lang='lat' dir='ltr'><strong>ctione</strong></span> <span class='ocrx_word' id='word_1_178' title='bbox 940 3786 1044 3850; x_wconf 90' lang='lat' dir='ltr'><strong>sui</strong></span> <span class='ocrx_word' id='word_1_179' title='bbox 1079 3788 1158 3852; x_wconf 93' lang='lat' dir='ltr'><strong>ad</strong></span> <span class='ocrx_word' id='word_1_180' title='bbox 1198 3806 1430 3871; x_wconf 90' lang='lat' dir='ltr'><strong>corpus</strong></span> <span class='ocrx_word' id='word_1_181' title='bbox 1464 3788 1770 3853; x_wconf 81' lang='lat' dir='ltr'><strong>infectum</strong></span> <span class='ocrx_word' id='word_1_182' title='bbox 1799 3792 1929 3854; x_wconf 90' lang='lat' dir='ltr'><strong>tota</strong></span> <span class='ocrx_word' id='word_1_183' title='bbox 1952 3808 2242 3855; x_wconf 89' lang='lat' dir='ltr'><strong>corrum-</strong></span> 
     </span>
     <span class='ocr_line' id='line_1_32' title="bbox 700 3892 2239 3973; baseline 0.006 -19"><span class='ocrx_word' id='word_1_184' title='bbox 700 3892 907 3973; x_wconf 90' lang='lat' dir='ltr'><strong>pitur,</strong></span> <span class='ocrx_word' id='word_1_185' title='bbox 956 3897 1021 3958; x_wconf 87' lang='lat' dir='ltr'><strong>et</strong></span> <span class='ocrx_word' id='word_1_186' title='bbox 1067 3898 1199 3959; x_wconf 86' lang='lat' dir='ltr'><strong>tota</strong></span> <span class='ocrx_word' id='word_1_187' title='bbox 1244 3895 1530 3960; x_wconf 85' lang='lat' dir='ltr'><strong>inficitur</strong></span> <span class='ocrx_word' id='word_1_188' title='bbox 1582 3897 1934 3962; x_wconf 87' lang='lat' dir='ltr'><strong>secundum</strong></span> <span class='ocrx_word' id='word_1_189' title='bbox 1977 3916 2239 3964; x_wconf 91' lang='lat' dir='ltr'><strong>omnem</strong></span> 
     </span>
     <span class='ocr_line' id='line_1_33' title="bbox 701 3998 2236 4083; baseline 0.007 -24"><span class='ocrx_word' id='word_1_190' title='bbox 701 3998 804 4061; x_wconf 89' lang='lat' dir='ltr'><strong>sui</strong></span> <span class='ocrx_word' id='word_1_191' title='bbox 851 4000 987 4065; x_wconf 79' lang='lat' dir='ltr'><strong>vim</strong></span> <span class='ocrx_word' id='word_1_192' title='bbox 1009 4047 1026 4076; x_wconf 90' lang='lat'>‚</span> <span class='ocrx_word' id='word_1_193' title='bbox 1058 4009 1121 4064; x_wconf 89' lang='lat' dir='ltr'><strong>et</strong></span> <span class='ocrx_word' id='word_1_194' title='bbox 1145 4002 1498 4066; x_wconf 90' lang='lat' dir='ltr'><strong>secundum</strong></span> <span class='ocrx_word' id='word_1_195' title='bbox 1530 4020 1787 4068; x_wconf 90' lang='lat' dir='ltr'><strong>omnem</strong></span> <span class='ocrx_word' id='word_1_196' title='bbox 1816 4008 2086 4083; x_wconf 86' lang='lat' dir='ltr'><strong>partem,</strong></span> <span class='ocrx_word' id='word_1_197' title='bbox 2116 4006 2236 4069; x_wconf 90' lang='lat' dir='ltr'><strong>sci-</strong></span> 
     </span>
     <span class='ocr_line' id='line_1_34' title="bbox 700 4104 2241 4193; baseline 0.006 -26"><span class='ocrx_word' id='word_1_198' title='bbox 700 4104 851 4169; x_wconf 90' lang='lat' dir='ltr'><strong>licet</strong></span> <span class='ocrx_word' id='word_1_199' title='bbox 878 4109 1008 4169; x_wconf 90' lang='lat' dir='ltr'><strong>tam</strong></span> <span class='ocrx_word' id='word_1_200' title='bbox 1037 4108 1461 4190; x_wconf 90' lang='lat' dir='ltr'><strong>superiorem,</strong></span> <span class='ocrx_word' id='word_1_201' title='bbox 1489 4128 1687 4193; x_wconf 90' lang='lat' dir='ltr'><strong>quam</strong></span> <span class='ocrx_word' id='word_1_202' title='bbox 1713 4111 2077 4176; x_wconf 85' lang='lat' dir='ltr'><strong>inferiorem</strong></span> <span class='ocrx_word' id='word_1_203' title='bbox 2101 4134 2118 4190; x_wconf 86' lang='lat'><strong>;</strong></span> <span class='ocrx_word' id='word_1_204' title='bbox 2151 4111 2241 4176; x_wconf 91' lang='lat' dir='ltr'><strong>sic</strong></span> 
     </span>
     <span class='ocr_line' id='line_1_35' title="bbox 704 4212 2240 4299; baseline 0.005 -25"><span class='ocrx_word' id='word_1_205' title='bbox 704 4212 919 4278; x_wconf 91' lang='lat' dir='ltr'><strong>anima</strong></span> <span class='ocrx_word' id='word_1_206' title='bbox 956 4213 1218 4295; x_wconf 88' lang='lat' dir='ltr'><strong>Christi,</strong></span> <span class='ocrx_word' id='word_1_207' title='bbox 1248 4234 1331 4280; x_wconf 83' lang='lat' dir='ltr'><strong>ex</strong></span> <span class='ocrx_word' id='word_1_208' title='bbox 1357 4217 1805 4299; x_wconf 77' lang='lat' dir='ltr'><strong>conjunctione</strong></span> <span class='ocrx_word' id='word_1_209' title='bbox 1846 4218 1948 4282; x_wconf 92' lang='lat' dir='ltr'><strong>sui</strong></span> <span class='ocrx_word' id='word_1_210' title='bbox 1982 4220 2064 4283; x_wconf 91' lang='lat' dir='ltr'><strong>ad</strong></span> <span class='ocrx_word' id='word_1_211' title='bbox 2090 4236 2240 4284; x_wconf 91' lang='lat' dir='ltr'><strong>cor-</strong></span> 
     </span>
     <span class='ocr_line' id='line_1_36' title="bbox 706 4320 2241 4408; baseline 0.005 -25"><span class='ocrx_word' id='word_1_212' title='bbox 706 4336 828 4401; x_wconf 91' lang='lat' dir='ltr'><strong>pus</strong></span> <span class='ocrx_word' id='word_1_213' title='bbox 871 4320 1117 4403; x_wconf 89' lang='lat' dir='ltr'><strong>patiens</strong></span> <span class='ocrx_word' id='word_1_214' title='bbox 1161 4326 1225 4387; x_wconf 90' lang='lat' dir='ltr'><strong>et</strong></span> <span class='ocrx_word' id='word_1_215' title='bbox 1258 4323 1568 4388; x_wconf 78' lang='lat' dir='ltr'><strong>afflictum</strong></span> <span class='ocrx_word' id='word_1_216' title='bbox 1586 4372 1607 4404; x_wconf 92' lang='lat'><strong>,</strong></span> <span class='ocrx_word' id='word_1_217' title='bbox 1639 4328 1770 4388; x_wconf 90' lang='lat' dir='ltr'><strong>tota</strong></span> <span class='ocrx_word' id='word_1_218' title='bbox 1794 4326 2151 4408; x_wconf 88' lang='lat' dir='ltr'><strong>patiebatur</strong></span> <span class='ocrx_word' id='word_1_219' title='bbox 2176 4328 2241 4391; x_wconf 89' lang='lat' dir='ltr'><strong>et</strong></span> 
     </span>
     <span class='ocr_line' id='line_1_37' title="bbox 709 4429 2242 4516; baseline 0.005 -21"><span class='ocrx_word' id='word_1_220' title='bbox 709 4429 1135 4511; x_wconf 80' lang='lat' dir='ltr'><strong>affligebatur,</strong></span> <span class='ocrx_word' id='word_1_221' title='bbox 1161 4437 1233 4497; x_wconf 92' lang='lat' dir='ltr'><strong>ut</strong></span> <span class='ocrx_word' id='word_1_222' title='bbox 1255 4451 1368 4516; x_wconf 89' lang='lat' dir='ltr'><strong>per</strong></span> <span class='ocrx_word' id='word_1_223' title='bbox 1394 4432 1566 4497; x_wconf 90' lang='lat' dir='ltr'><strong>illam</strong></span> <span class='ocrx_word' id='word_1_224' title='bbox 1592 4434 1973 4516; x_wconf 86' lang='lat' dir='ltr'><strong>passionem,</strong></span> <span class='ocrx_word' id='word_1_225' title='bbox 1991 4440 2054 4501; x_wconf 93' lang='lat' dir='ltr'><strong>et</strong></span> <span class='ocrx_word' id='word_1_226' title='bbox 2073 4437 2242 4503; x_wconf 92' lang='lat' dir='ltr'><strong>dolo·</strong></span> 
     </span>
     <span class='ocr_line' id='line_1_38' title="bbox 709 4537 2235 4624; baseline 0.005 -22"><span class='ocrx_word' id='word_1_227' title='bbox 709 4556 846 4603; x_wconf 91' lang='lat' dir='ltr'><strong>rem</strong></span> <span class='ocrx_word' id='word_1_228' title='bbox 872 4537 1055 4603; x_wconf 93' lang='lat' dir='ltr'><strong>illum</strong></span> <span class='ocrx_word' id='word_1_229' title='bbox 1069 4587 1087 4617; x_wconf 94' lang='lat'><strong>,</strong></span> <span class='ocrx_word' id='word_1_230' title='bbox 1114 4544 1245 4605; x_wconf 87' lang='lat' dir='ltr'><strong>tota</strong></span> <span class='ocrx_word' id='word_1_231' title='bbox 1268 4542 1583 4624; x_wconf 80' lang='lat' dir='ltr'><strong>peccatrix</strong></span> <span class='ocrx_word' id='word_1_232' title='bbox 1624 4542 1839 4608; x_wconf 90' lang='lat' dir='ltr'><strong>anima</strong></span> <span class='ocrx_word' id='word_1_233' title='bbox 1865 4548 2235 4611; x_wconf 89' lang='lat' dir='ltr'><strong>curaretur:</strong></span> 
     </span>
     <span class='ocr_line' id='line_1_39' title="bbox 711 4644 2239 4730; baseline 0.006 -23"><span class='ocrx_word' id='word_1_234' title='bbox 711 4648 774 4707; x_wconf 90' lang='lat' dir='ltr'><strong>et</strong></span> <span class='ocrx_word' id='word_1_235' title='bbox 810 4644 902 4709; x_wconf 90' lang='lat' dir='ltr'><strong>sic</strong></span> <span class='ocrx_word' id='word_1_236' title='bbox 934 4644 1115 4709; x_wconf 91' lang='lat' dir='ltr'><strong>dolor</strong></span> <span class='ocrx_word' id='word_1_237' title='bbox 1139 4650 1202 4711; x_wconf 89' lang='lat' dir='ltr'><strong>et</strong></span> <span class='ocrx_word' id='word_1_238' title='bbox 1230 4648 1435 4730; x_wconf 86' lang='lat' dir='ltr'><strong>passio</strong></span> <span class='ocrx_word' id='word_1_239' title='bbox 1460 4649 1584 4714; x_wconf 85' lang='lat' dir='ltr'><strong>fuit</strong></span> <span class='ocrx_word' id='word_1_240' title='bbox 1615 4650 1861 4714; x_wconf 86' lang='lat' dir='ltr'><strong>Christo</strong></span> <span class='ocrx_word' id='word_1_241' title='bbox 1884 4652 2239 4716; x_wconf 91' lang='lat' dir='ltr'><strong>secundum</strong></span> 
     </span>
     <span class='ocr_line' id='line_1_40' title="bbox 710 4754 2240 4840; baseline 0.008 -28"><span class='ocrx_word' id='word_1_242' title='bbox 710 4766 1077 4833; x_wconf 89' lang='lat' dir='ltr'><strong>supremam</strong></span> <span class='ocrx_word' id='word_1_243' title='bbox 1119 4754 1383 4819; x_wconf 89' lang='lat' dir='ltr'><strong>rationis</strong></span> <span class='ocrx_word' id='word_1_244' title='bbox 1426 4761 1667 4838; x_wconf 88' lang='lat' dir='ltr'><strong>partem</strong></span> <span class='ocrx_word' id='word_1_245' title='bbox 1685 4806 1703 4835; x_wconf 91' lang='lat'><strong>,</strong></span> <span class='ocrx_word' id='word_1_246' title='bbox 1733 4759 2032 4840; x_wconf 82' lang='lat' dir='ltr'><strong>quamvis</strong></span> <span class='ocrx_word' id='word_1_247' title='bbox 2056 4760 2127 4825; x_wconf 92' lang='lat' dir='ltr'><strong>in</strong></span> <span class='ocrx_word' id='word_1_248' title='bbox 2163 4779 2240 4827; x_wconf 90' lang='lat' dir='ltr'><strong>ea</strong></span> 
     </span>
     <span class='ocr_line' id='line_1_41' title="bbox 707 4857 2239 4940; baseline 0.008 -19"><span class='ocrx_word' id='word_1_249' title='bbox 707 4857 900 4922; x_wconf 79' lang='lat' dir='ltr'><strong>ruerit</strong></span> <span class='ocrx_word' id='word_1_250' title='bbox 940 4860 1253 4940; x_wconf 84' lang='lat' dir='ltr'><strong>gaudium</strong></span> <span class='ocrx_word' id='word_1_251' title='bbox 1293 4863 1631 4929; x_wconf 84' lang='lat' dir='ltr'><strong>fruitionis.</strong></span> <span class='ocrx_word' id='word_1_252' title='bbox 1661 4863 1834 4931; x_wconf 84' lang='lat' dir='ltr'><strong>Licet</strong></span> <span class='ocrx_word' id='word_1_253' title='bbox 1860 4870 2075 4932; x_wconf 86' lang='lat' dir='ltr'><strong>autem</strong></span> <span class='ocrx_word' id='word_1_254' title='bbox 2116 4868 2239 4935; x_wconf 93' lang='lat' dir='ltr'><strong>hoc</strong></span> 
     </span>
     <span class='ocr_line' id='line_1_42' title="bbox 709 4968 2239 5051; baseline 0.009 -23"><span class='ocrx_word' id='word_1_255' title='bbox 709 4968 997 5032; x_wconf 88' lang='lat' dir='ltr'><strong>teneatur</strong></span> <span class='ocrx_word' id='word_1_256' title='bbox 1021 4971 1327 5051; x_wconf 86' lang='lat' dir='ltr'><strong>tanquam</strong></span> <span class='ocrx_word' id='word_1_257' title='bbox 1350 4987 1604 5050; x_wconf 89' lang='lat' dir='ltr'><strong>verum,</strong></span> <span class='ocrx_word' id='word_1_258' title='bbox 1635 4971 1885 5039; x_wconf 83' lang='lat' dir='ltr'><strong>difficile</strong></span> <span class='ocrx_word' id='word_1_259' title='bbox 1908 4979 2124 5041; x_wconf 90' lang='lat' dir='ltr'><strong>tamen</strong></span> <span class='ocrx_word' id='word_1_260' title='bbox 2144 4982 2239 5042; x_wconf 88' lang='lat' dir='ltr'><strong>est</strong></span> 
     </span>
     <span class='ocr_line' id='line_1_43' title="bbox 706 5070 2237 5159; baseline 0.011 -26"><span class='ocrx_word' id='word_1_261' title='bbox 706 5070 786 5134; x_wconf 92' lang='lat' dir='ltr'><strong>ad</strong></span> <span class='ocrx_word' id='word_1_262' title='bbox 811 5071 1319 5156; x_wconf 84' lang='lat' dir='ltr'><strong>intelligendum,</strong></span> <span class='ocrx_word' id='word_1_263' title='bbox 1353 5077 1625 5159; x_wconf 89' lang='lat' dir='ltr'><strong>qualiter</strong></span> <span class='ocrx_word' id='word_1_264' title='bbox 1658 5079 1729 5143; x_wconf 90' lang='lat' dir='ltr'><strong>in</strong></span> <span class='ocrx_word' id='word_1_265' title='bbox 1759 5081 1975 5146; x_wconf 90' lang='lat' dir='ltr'><strong>anima</strong></span> <span class='ocrx_word' id='word_1_266' title='bbox 2007 5084 2237 5151; x_wconf 90' lang='lat' dir='ltr'><strong>Christi</strong></span> 
     </span>
     <span class='ocr_line' id='line_1_44' title="bbox 707 5179 2237 5270; baseline 0.012 -30"><span class='ocrx_word' id='word_1_267' title='bbox 707 5179 1058 5244; x_wconf 89' lang='lat' dir='ltr'><strong>secundum</strong></span> <span class='ocrx_word' id='word_1_268' title='bbox 1086 5184 1374 5249; x_wconf 90' lang='lat' dir='ltr'><strong>eamdem</strong></span> <span class='ocrx_word' id='word_1_269' title='bbox 1402 5188 1773 5270; x_wconf 86' lang='lat' dir='ltr'><strong>potentiam,</strong></span> <span class='ocrx_word' id='word_1_270' title='bbox 1798 5192 1862 5253; x_wconf 91' lang='lat' dir='ltr'><strong>et</strong></span> <span class='ocrx_word' id='word_1_271' title='bbox 1882 5192 2237 5258; x_wconf 87' lang='lat' dir='ltr'><strong>secundum</strong></span> 
     </span>
     <span class='ocr_line' id='line_1_45' title="bbox 707 5279 2238 5370; baseline 0.012 -28"><span class='ocrx_word' id='word_1_272' title='bbox 707 5279 1001 5346; x_wconf 91' lang='lat' dir='ltr'><strong>eumdem</strong></span> <span class='ocrx_word' id='word_1_273' title='bbox 1036 5288 1272 5352; x_wconf 84' lang='lat' dir='ltr'><strong>statum</strong></span> <span class='ocrx_word' id='word_1_274' title='bbox 1317 5290 1617 5370; x_wconf 82' lang='lat' dir='ltr'><strong>potentiae</strong></span> <span class='ocrx_word' id='word_1_275' title='bbox 1650 5341 1667 5367; x_wconf 89' lang='lat'><strong>‚</strong></span> <span class='ocrx_word' id='word_1_276' title='bbox 1716 5293 1906 5357; x_wconf 73' lang='lat' dir='ltr'><strong>fuerit</strong></span> <span class='ocrx_word' id='word_1_277' title='bbox 1951 5293 2132 5360; x_wconf 85' lang='lat' dir='ltr'><strong>dolor</strong></span> <span class='ocrx_word' id='word_1_278' title='bbox 2175 5300 2238 5360; x_wconf 89' lang='lat' dir='ltr'><strong>ct</strong></span> 
     </span>
    </p>
   </div>
   <div class='ocr_carea' id='block_1_8' title="bbox 774 5403 2234 5486">
    <p class='ocr_par' dir='ltr' id='par_1_10' title="bbox 774 5403 2234 5486">
     <span class='ocr_line' id='line_1_46' title="bbox 774 5403 2234 5486; baseline 0.009 -27"><span class='ocrx_word' id='word_1_279' title='bbox 774 5403 1070 5465; x_wconf 73' lang='lat' dir='ltr'><strong>¹Consentit</strong></span> <span class='ocrx_word' id='word_1_280' title='bbox 1091 5411 1143 5467; x_wconf 76' lang='lat' dir='ltr'><strong>S.</strong></span> <span class='ocrx_word' id='word_1_281' title='bbox 1172 5410 1413 5479; x_wconf 75' lang='lat' dir='ltr'><strong>Thomas,</strong></span> <span class='ocrx_word' id='word_1_282' title='bbox 1440 5415 1812 5476; x_wconf 80' lang='lat' dir='ltr'><strong>considerando</strong></span> <span class='ocrx_word' id='word_1_283' title='bbox 1839 5420 2129 5486; x_wconf 86' lang='lat' dir='ltr'><strong>portionem</strong></span> <span class='ocrx_word' id='word_1_284' title='bbox 2153 5436 2234 5481; x_wconf 77' lang='lat' dir='ltr'><strong>su·</strong></span> 
     </span>
    </p>
   </div>
   <div class='ocr_carea' id='block_1_9' title="bbox 1787 430 2750 503">
    <p class='ocr_par' dir='ltr' id='par_1_11' title="bbox 1787 430 2750 503">
     <span class='ocr_line' id='line_1_47' title="bbox 1787 430 2750 503; baseline -0.004 -1"><span class='ocrx_word' id='word_1_285' title='bbox 1787 430 2410 503; x_wconf 81' lang='lat' dir='ltr'><strong>SENTENTIARUM</strong></span> <span class='ocrx_word' id='word_1_286' title='bbox 2449 431 2597 497; x_wconf 82' lang='lat' dir='ltr'><strong>Llss.</strong></span> <span class='ocrx_word' id='word_1_287' title='bbox 2644 433 2750 498; x_wconf 83' lang='lat'><strong>111.</strong></span> 
     </span>
    </p>
   </div>
   <div class='ocr_carea' id='block_1_10' title="bbox 2329 567 3868 869">
    <p class='ocr_par' dir='ltr' id='par_1_12' title="bbox 2329 567 3868 869">
     <span class='ocr_line' id='line_1_48' title="bbox 2333 567 3866 656; baseline 0.008 -26"><span class='ocrx_word' id='word_1_288' title='bbox 2333 567 2645 650; x_wconf 85' lang='lat' dir='ltr'><strong>gaudium</strong></span> <span class='ocrx_word' id='word_1_289' title='bbox 2666 616 2685 649; x_wconf 97' lang='lat'><strong>,</strong></span> <span class='ocrx_word' id='word_1_290' title='bbox 2718 587 2833 634; x_wconf 92' lang='lat' dir='ltr'><strong>nec</strong></span> <span class='ocrx_word' id='word_1_291' title='bbox 2861 569 3042 636; x_wconf 90' lang='lat' dir='ltr'><strong>dolor</strong></span> <span class='ocrx_word' id='word_1_292' title='bbox 3067 573 3520 656; x_wconf 86' lang='lat' dir='ltr'><strong>superveniens</strong></span> <span class='ocrx_word' id='word_1_293' title='bbox 3559 575 3866 642; x_wconf 82' lang='lat' dir='ltr'><strong>discenti-</strong></span> 
     </span>
     <span class='ocr_line' id='line_1_49' title="bbox 2330 677 3868 763; baseline 0.005 -22"><span class='ocrx_word' id='word_1_294' title='bbox 2330 677 2629 741; x_wconf 83' lang='lat' dir='ltr'><strong>nuaverit</strong></span> <span class='ocrx_word' id='word_1_295' title='bbox 2660 677 2974 759; x_wconf 85' lang='lat' dir='ltr'><strong>gaudium</strong></span> <span class='ocrx_word' id='word_1_296' title='bbox 2993 725 3012 758; x_wconf 77' lang='grc'><em>,</em></span> <span class='ocrx_word' id='word_1_297' title='bbox 3052 680 3187 745; x_wconf 92' lang='lat' dir='ltr'><strong>imo</strong></span> <span class='ocrx_word' id='word_1_298' title='bbox 3230 681 3421 746; x_wconf 81' lang='lat' dir='ltr'><strong>fuerit</strong></span> <span class='ocrx_word' id='word_1_299' title='bbox 3470 682 3701 763; x_wconf 82' lang='lat' dir='ltr'><strong>simul3</strong></span> <span class='ocrx_word' id='word_1_300' title='bbox 3746 701 3868 749; x_wconf 91' lang='lat' dir='ltr'><strong>nec</strong></span> 
     </span>
     <span class='ocr_line' id='line_1_50' title="bbox 2329 784 3867 869; baseline 0.007 -22"><span class='ocrx_word' id='word_1_301' title='bbox 2329 784 2590 864; x_wconf 80' lang='lat' dir='ltr'><strong>iterum,</strong></span> <span class='ocrx_word' id='word_1_302' title='bbox 2618 784 2789 867; x_wconf 84' lang='lat' dir='ltr'><strong>quod</strong></span> <span class='ocrx_word' id='word_1_303' title='bbox 2818 787 3025 869; x_wconf 86' lang='lat' dir='ltr'><strong>majus</strong></span> <span class='ocrx_word' id='word_1_304' title='bbox 3038 790 3155 867; x_wconf 89' lang='lat' dir='ltr'><strong>est,</strong></span> <span class='ocrx_word' id='word_1_305' title='bbox 3178 787 3358 853; x_wconf 90' lang='lat' dir='ltr'><strong>dolor</strong></span> <span class='ocrx_word' id='word_1_306' title='bbox 3375 788 3661 855; x_wconf 84' lang='lat' dir='ltr'><strong>intensus</strong></span> <span class='ocrx_word' id='word_1_307' title='bbox 3677 791 3867 857; x_wconf 88' lang='lat' dir='ltr'><strong>valde</strong></span> 
     </span>
    </p>
   </div>
   <div class='ocr_carea' id='block_1_11' title="bbox 2330 892 4174 978">
    <p class='ocr_par' dir='ltr' id='par_1_13' title="bbox 2330 892 4174 978">
     <span class='ocr_line' id='line_1_51' title="bbox 2330 892 4174 978; baseline 0.001 -22"><span class='ocrx_word' id='word_1_308' title='bbox 2330 893 2561 956; x_wconf 84' lang='lat' dir='ltr'><strong>fecerat</strong></span> <span class='ocrx_word' id='word_1_309' title='bbox 2602 892 2915 975; x_wconf 81' lang='lat' dir='ltr'><strong>gaudium</strong></span> <span class='ocrx_word' id='word_1_310' title='bbox 2956 911 3091 958; x_wconf 88' lang='lat' dir='ltr'><strong>esse</strong></span> <span class='ocrx_word' id='word_1_311' title='bbox 3117 894 3334 959; x_wconf 90' lang='lat' dir='ltr'><strong>minus</strong></span> <span class='ocrx_word' id='word_1_312' title='bbox 3361 897 3734 978; x_wconf 80' lang='lat' dir='ltr'><strong>perfectum.</strong></span> <span class='ocrx_word' id='word_1_313' title='bbox 3764 898 3863 965; x_wconf 85' lang='lat' dir='ltr'><strong>Ad</strong></span> <span class='ocrx_word' id='word_1_314' title='bbox 3901 901 4094 957; x_wconf 67' lang='lat'><strong>⁵⁰91&gt;-</strong></span> <span class='ocrx_word' id='word_1_315' title='bbox 4151 903 4174 942; x_wconf 89' lang='lat'>¹</span> 
     </span>
    </p>
   </div>
   <div class='ocr_carea' id='block_1_12' title="bbox 2331 999 3876 2158">
    <p class='ocr_par' dir='ltr' id='par_1_14' title="bbox 2331 999 3876 2158">
     <span class='ocr_line' id='line_1_52' title="bbox 2332 999 3865 1088; baseline 0.005 -26"><span class='ocrx_word' id='word_1_316' title='bbox 2332 999 2474 1063; x_wconf 79' lang='lat' dir='ltr'><strong>haec</strong></span> <span class='ocrx_word' id='word_1_317' title='bbox 2497 1002 2713 1064; x_wconf 90' lang='lat' dir='ltr'><strong>autem</strong></span> <span class='ocrx_word' id='word_1_318' title='bbox 2740 1000 3152 1082; x_wconf 81' lang='lat' dir='ltr'><strong>inteIligenda</strong></span> <span class='ocrx_word' id='word_1_319' title='bbox 3189 1001 3313 1066; x_wconf 91' lang='lat' dir='ltr'><strong>tria</strong></span> <span class='ocrx_word' id='word_1_320' title='bbox 3341 1006 3588 1085; x_wconf 91' lang='lat' dir='ltr'><strong>oportet</strong></span> <span class='ocrx_word' id='word_1_321' title='bbox 3626 1024 3865 1088; x_wconf 91' lang='lat' dir='ltr'><strong>suppo-</strong></span> 
     </span>
     <span class='ocr_line' id='line_1_53' title="bbox 2331 1111 3865 1193; baseline 0.006 -23"><span class='ocrx_word' id='word_1_322' title='bbox 2331 1125 2505 1187; x_wconf 89' lang='lat' dir='ltr'><strong>nere,</strong></span> <span class='ocrx_word' id='word_1_323' title='bbox 2547 1126 2695 1191; x_wconf 84' lang='lat' dir='ltr'><strong>quae</strong></span> <span class='ocrx_word' id='word_1_324' title='bbox 2721 1111 2874 1174; x_wconf 88' lang='lat' dir='ltr'><strong>sunt</strong></span> <span class='ocrx_word' id='word_1_325' title='bbox 2903 1127 3056 1174; x_wconf 86' lang='lat' dir='ltr'><strong>vera</strong></span> <span class='ocrx_word' id='word_1_326' title='bbox 3083 1113 3144 1174; x_wconf 90' lang='lat' dir='ltr'><strong>et</strong></span> <span class='ocrx_word' id='word_1_327' title='bbox 3174 1111 3546 1193; x_wconf 88' lang='lat' dir='ltr'><strong>probabilia,</strong></span> <span class='ocrx_word' id='word_1_328' title='bbox 3576 1112 3865 1179; x_wconf 84' lang='lat' dir='ltr'><strong>videlicet</strong></span> 
     </span>
     <span class='ocr_line' id='line_1_54' title="bbox 2332 1215 3863 1302; baseline 0.004 -23"><span class='ocrx_word' id='word_1_329' title='bbox 2332 1215 2504 1297; x_wconf 90' lang='lat' dir='ltr'><strong>quod</strong></span> <span class='ocrx_word' id='word_1_330' title='bbox 2530 1216 2844 1297; x_wconf 84' lang='lat' dir='ltr'><strong>gaudium</strong></span> <span class='ocrx_word' id='word_1_331' title='bbox 2872 1217 3214 1297; x_wconf 80' lang='lat' dir='ltr'><strong>fruitionis,</strong></span> <span class='ocrx_word' id='word_1_332' title='bbox 3237 1222 3300 1284; x_wconf 92' lang='lat' dir='ltr'><strong>et</strong></span> <span class='ocrx_word' id='word_1_333' title='bbox 3324 1218 3505 1284; x_wconf 90' lang='lat' dir='ltr'><strong>dolor</strong></span> <span class='ocrx_word' id='word_1_334' title='bbox 3530 1220 3863 1302; x_wconf 75' lang='lat' dir='ltr'><strong>passioniS,</strong></span> 
     </span>
     <span class='ocr_line' id='line_1_55' title="bbox 2333 1323 3872 1410; baseline 0.004 -25"><span class='ocrx_word' id='word_1_335' title='bbox 2333 1339 2464 1385; x_wconf 94' lang='lat' dir='ltr'><strong>non</strong></span> <span class='ocrx_word' id='word_1_336' title='bbox 2510 1327 2660 1386; x_wconf 89' lang='lat' dir='ltr'><strong>sunt</strong></span> <span class='ocrx_word' id='word_1_337' title='bbox 2711 1323 3071 1388; x_wconf 75' lang='lat' dir='ltr'><strong>affectiones</strong></span> <span class='ocrx_word' id='word_1_338' title='bbox 3107 1326 3479 1406; x_wconf 80' lang='lat' dir='ltr'><strong>-contrariae,</strong></span> <span class='ocrx_word' id='word_1_339' title='bbox 3534 1327 3689 1410; x_wconf 90' lang='lat' dir='ltr'><strong>quia</strong></span> <span class='ocrx_word' id='word_1_340' title='bbox 3735 1346 3872 1393; x_wconf 89' lang='lat' dir='ltr'><strong>non</strong></span> 
     </span>
     <span class='ocr_line' id='line_1_56' title="bbox 2333 1431 3870 1513; baseline 0.005 -21"><span class='ocrx_word' id='word_1_341' title='bbox 2333 1433 2486 1493; x_wconf 88' lang='lat' dir='ltr'><strong>sunt</strong></span> <span class='ocrx_word' id='word_1_342' title='bbox 2526 1433 2816 1512; x_wconf 90' lang='lat' dir='ltr'><strong>respectu</strong></span> <span class='ocrx_word' id='word_1_343' title='bbox 2857 1431 3141 1513; x_wconf 85' lang='lat' dir='ltr'><strong>ejusdem</strong></span> <span class='ocrx_word' id='word_1_344' title='bbox 3158 1481 3176 1511; x_wconf 88' lang='lat'><strong>,</strong></span> <span class='ocrx_word' id='word_1_345' title='bbox 3202 1450 3320 1497; x_wconf 90' lang='lat' dir='ltr'><strong>nec</strong></span> <span class='ocrx_word' id='word_1_346' title='bbox 3343 1434 3607 1497; x_wconf 91' lang='lat' dir='ltr'><strong>omnino</strong></span> <span class='ocrx_word' id='word_1_347' title='bbox 3644 1434 3870 1500; x_wconf 90' lang='lat' dir='ltr'><strong>eodem</strong></span> 
     </span>
     <span class='ocr_line' id='line_1_57' title="bbox 2334 1536 3869 1624; baseline 0.005 -25"><span class='ocrx_word' id='word_1_348' title='bbox 2334 1537 2525 1600; x_wconf 92' lang='lat' dir='ltr'><strong>modo</strong></span> <span class='ocrx_word' id='word_1_349' title='bbox 2553 1536 2771 1600; x_wconf 89' lang='lat' dir='ltr'><strong>insunt</strong></span> <span class='ocrx_word' id='word_1_350' title='bbox 2796 1537 3043 1619; x_wconf 88' lang='lat' dir='ltr'><strong>eidem;</strong></span> <span class='ocrx_word' id='word_1_351' title='bbox 3078 1538 3186 1604; x_wconf 90' lang='lat' dir='ltr'><strong>sed</strong></span> <span class='ocrx_word' id='word_1_352' title='bbox 3217 1558 3425 1604; x_wconf 90' lang='lat' dir='ltr'><strong>unum</strong></span> <span class='ocrx_word' id='word_1_353' title='bbox 3451 1540 3614 1605; x_wconf 87' lang='lat' dir='ltr'><strong>inest</strong></span> <span class='ocrx_word' id='word_1_354' title='bbox 3639 1559 3750 1624; x_wconf 88' lang='lat' dir='ltr'><strong>per</strong></span> <span class='ocrx_word' id='word_1_355' title='bbox 3776 1560 3869 1619; x_wconf 87' lang='lat' dir='ltr'><strong>se,</strong></span> 
     </span>
     <span class='ocr_line' id='line_1_58' title="bbox 2335 1643 3876 1729; baseline 0.004 -22"><span class='ocrx_word' id='word_1_356' title='bbox 2335 1643 2609 1707; x_wconf 86' lang='lat' dir='ltr'><strong>alterum</strong></span> <span class='ocrx_word' id='word_1_357' title='bbox 2645 1661 2762 1728; x_wconf 89' lang='lat' dir='ltr'><strong>per</strong></span> <span class='ocrx_word' id='word_1_358' title='bbox 2807 1644 3132 1710; x_wconf 88' lang='lat' dir='ltr'><strong>accidens:</strong></span> <span class='ocrx_word' id='word_1_359' title='bbox 3167 1646 3318 1729; x_wconf 91' lang='lat' dir='ltr'><strong>quia</strong></span> <span class='ocrx_word' id='word_1_360' title='bbox 3356 1647 3668 1727; x_wconf 82' lang='lat' dir='ltr'><strong>gaudium</strong></span> <span class='ocrx_word' id='word_1_361' title='bbox 3709 1649 3876 1713; x_wconf 86' lang='lat' dir='ltr'><strong>inest</strong></span> 
     </span>
     <span class='ocr_line' id='line_1_59' title="bbox 2335 1752 3872 1838; baseline 0.003 -24"><span class='ocrx_word' id='word_1_362' title='bbox 2335 1755 2594 1834; x_wconf 90' lang='lat' dir='ltr'><strong>propter</strong></span> <span class='ocrx_word' id='word_1_363' title='bbox 2662 1753 2804 1833; x_wconf 88' lang='lat' dir='ltr'><strong>conj</strong></span> <span class='ocrx_word' id='word_1_364' title='bbox 2812 1752 3178 1816; x_wconf 88' lang='lat' dir='ltr'><strong>unctionem</strong></span> <span class='ocrx_word' id='word_1_365' title='bbox 3248 1752 3598 1833; x_wconf 81' lang='lat' dir='ltr'><strong>gratuitam</strong></span> <span class='ocrx_word' id='word_1_366' title='bbox 3669 1755 3872 1838; x_wconf 90' lang='lat' dir='ltr'><strong>ipsius</strong></span> 
     </span>
     <span class='ocr_line' id='line_1_60' title="bbox 2337 1857 3875 1943; baseline 0.003 -21"><span class='ocrx_word' id='word_1_367' title='bbox 2337 1875 2485 1922; x_wconf 92' lang='lat' dir='ltr'><strong>cum</strong></span> <span class='ocrx_word' id='word_1_368' title='bbox 2531 1857 2760 1923; x_wconf 87' lang='lat' dir='ltr'><strong>deitate</strong></span> <span class='ocrx_word' id='word_1_369' title='bbox 2782 1905 2800 1937; x_wconf 93' lang='lat'><strong>,</strong></span> <span class='ocrx_word' id='word_1_370' title='bbox 2848 1857 2958 1922; x_wconf 87' lang='lat' dir='ltr'><strong>sed</strong></span> <span class='ocrx_word' id='word_1_371' title='bbox 3004 1857 3184 1923; x_wconf 90' lang='lat' dir='ltr'><strong>dolor</strong></span> <span class='ocrx_word' id='word_1_372' title='bbox 3230 1863 3487 1943; x_wconf 81' lang='lat' dir='ltr'><strong>propter</strong></span> <span class='ocrx_word' id='word_1_373' title='bbox 3515 1861 3875 1927; x_wconf 87' lang='lat' dir='ltr'><strong>naturalem</strong></span> 
     </span>
     <span class='ocr_line' id='line_1_61' title="bbox 2338 1966 3876 2052; baseline 0.002 -23"><span class='ocrx_word' id='word_1_374' title='bbox 2338 1967 2855 2048; x_wconf 84' lang='lat' dir='ltr'><strong>conjunctionem</strong></span> <span class='ocrx_word' id='word_1_375' title='bbox 2895 1966 3099 2050; x_wconf 89' lang='lat' dir='ltr'><strong>ipsius</strong></span> <span class='ocrx_word' id='word_1_376' title='bbox 3140 1985 3292 2052; x_wconf 87' lang='lat' dir='ltr'><strong>cum</strong></span> <span class='ocrx_word' id='word_1_377' title='bbox 3335 1985 3524 2031; x_wconf 82' lang='lat' dir='ltr'><strong>carne</strong></span> <span class='ocrx_word' id='word_1_378' title='bbox 3566 1990 3582 2029; x_wconf 74' lang='grc' dir='ltr'><strong><em>ε</em></strong></span> <span class='ocrx_word' id='word_1_379' title='bbox 3615 1972 3678 2032; x_wconf 88' lang='lat' dir='ltr'><strong>et</strong></span> <span class='ocrx_word' id='word_1_380' title='bbox 3721 1969 3876 2051; x_wconf 89' lang='lat' dir='ltr'><strong>quia</strong></span> 
     </span>
     <span class='ocr_line' id='line_1_62' title="bbox 2338 2073 3874 2158; baseline 0.002 -23"><span class='ocrx_word' id='word_1_381' title='bbox 2338 2090 2468 2136; x_wconf 91' lang='lat' dir='ltr'><strong>non</strong></span> <span class='ocrx_word' id='word_1_382' title='bbox 2516 2078 2667 2137; x_wconf 91' lang='lat' dir='ltr'><strong>sunt</strong></span> <span class='ocrx_word' id='word_1_383' title='bbox 2707 2073 3071 2139; x_wconf 83' lang='lat' dir='ltr'><strong>affectiones</strong></span> <span class='ocrx_word' id='word_1_384' title='bbox 3122 2074 3477 2155; x_wconf 81' lang='lat' dir='ltr'><strong>contrariae,</strong></span> <span class='ocrx_word' id='word_1_385' title='bbox 3507 2078 3773 2158; x_wconf 74' lang='lat' dir='ltr'><strong>possimt</strong></span> <span class='ocrx_word' id='word_1_386' title='bbox 3804 2075 3874 2138; x_wconf 93' lang='lat' dir='ltr'><strong>in</strong></span> 
     </span>
    </p>
   </div>
   <div class='ocr_carea' id='block_1_13' title="bbox 2339 2179 4176 2265">
    <p class='ocr_par' dir='ltr' id='par_1_15' title="bbox 2339 2179 4176 2265">
     <span class='ocr_line' id='line_1_63' title="bbox 2339 2179 4176 2265; baseline 0.005 -24"><span class='ocrx_word' id='word_1_387' title='bbox 2339 2179 2555 2242; x_wconf 90' lang='lat' dir='ltr'><strong>anima</strong></span> <span class='ocrx_word' id='word_1_388' title='bbox 2596 2198 2730 2245; x_wconf 87' lang='lat' dir='ltr'><strong>esse</strong></span> <span class='ocrx_word' id='word_1_389' title='bbox 2770 2180 3120 2245; x_wconf 91' lang='lat' dir='ltr'><strong>secundum</strong></span> <span class='ocrx_word' id='word_1_390' title='bbox 3147 2181 3436 2247; x_wconf 90' lang='lat' dir='ltr'><strong>eamdem</strong></span> <span class='ocrx_word' id='word_1_391' title='bbox 3460 2186 3726 2265; x_wconf 90' lang='lat' dir='ltr'><strong>partem.</strong></span> <span class='ocrx_word' id='word_1_392' title='bbox 3758 2181 3877 2247; x_wconf 89' lang='lat' dir='ltr'><strong>Se-</strong></span> <span class='ocrx_word' id='word_1_393' title='bbox 3908 2208 4094 2264; x_wconf 27' lang='lat' dir='ltr'><strong>supp.</strong></span> <span class='ocrx_word' id='word_1_394' title='bbox 4147 2212 4176 2251; x_wconf 69' lang='grc' dir='ltr'>ε</span> 
     </span>
    </p>
   </div>
   <div class='ocr_carea' id='block_1_14' title="bbox 2334 2286 3878 2909">
    <p class='ocr_par' dir='ltr' id='par_1_16' title="bbox 2334 2286 3878 2909">
     <span class='ocr_line' id='line_1_64' title="bbox 2340 2286 3877 2370; baseline 0.002 -21"><span class='ocrx_word' id='word_1_395' title='bbox 2340 2286 2548 2351; x_wconf 91' lang='lat' dir='ltr'><strong>cunda</strong></span> <span class='ocrx_word' id='word_1_396' title='bbox 2577 2288 2924 2370; x_wconf 88' lang='lat' dir='ltr'><strong>suppositio</strong></span> <span class='ocrx_word' id='word_1_397' title='bbox 2954 2294 3068 2368; x_wconf 89' lang='lat' dir='ltr'><strong>est,</strong></span> <span class='ocrx_word' id='word_1_398' title='bbox 3099 2288 3271 2370; x_wconf 91' lang='lat' dir='ltr'><strong>quod</strong></span> <span class='ocrx_word' id='word_1_399' title='bbox 3295 2306 3428 2352; x_wconf 91' lang='lat' dir='ltr'><strong>non</strong></span> <span class='ocrx_word' id='word_1_400' title='bbox 3464 2291 3714 2352; x_wconf 84' lang='lat' dir='ltr'><strong>tantum</strong></span> <span class='ocrx_word' id='word_1_401' title='bbox 3741 2288 3877 2352; x_wconf 89' lang='lat' dir='ltr'><strong>hu-</strong></span> 
     </span>
     <span class='ocr_line' id='line_1_65' title="bbox 2334 2394 3876 2478; baseline 0.001 -21"><span class='ocrx_word' id='word_1_402' title='bbox 2334 2394 2615 2474; x_wconf 70' lang='lat' dir='ltr'><strong>iusmodi</strong></span> <span class='ocrx_word' id='word_1_403' title='bbox 2641 2394 2820 2459; x_wconf 90' lang='lat' dir='ltr'><strong>dolor</strong></span> <span class='ocrx_word' id='word_1_404' title='bbox 2845 2398 2908 2459; x_wconf 87' lang='lat' dir='ltr'><strong>et</strong></span> <span class='ocrx_word' id='word_1_405' title='bbox 2927 2395 3242 2478; x_wconf 85' lang='lat' dir='ltr'><strong>gaudium</strong></span> <span class='ocrx_word' id='word_1_406' title='bbox 3283 2413 3416 2460; x_wconf 90' lang='lat' dir='ltr'><strong>non</strong></span> <span class='ocrx_word' id='word_1_407' title='bbox 3441 2399 3593 2459; x_wconf 88' lang='lat' dir='ltr'><strong>sunt</strong></span> <span class='ocrx_word' id='word_1_408' title='bbox 3621 2397 3876 2459; x_wconf 85' lang='lat' dir='ltr'><strong>contra-</strong></span> 
     </span>
     <span class='ocr_line' id='line_1_66' title="bbox 2340 2499 3878 2585; baseline 0.001 -21"><span class='ocrx_word' id='word_1_409' title='bbox 2340 2499 2459 2578; x_wconf 88' lang='lat' dir='ltr'><strong>ria,</strong></span> <span class='ocrx_word' id='word_1_410' title='bbox 2501 2501 2609 2566; x_wconf 89' lang='lat' dir='ltr'><strong>sed</strong></span> <span class='ocrx_word' id='word_1_411' title='bbox 2640 2520 2846 2566; x_wconf 90' lang='lat' dir='ltr'><strong>unum</strong></span> <span class='ocrx_word' id='word_1_412' title='bbox 2894 2506 2988 2566; x_wconf 86' lang='lat' dir='ltr'><strong>est</strong></span> <span class='ocrx_word' id='word_1_413' title='bbox 3031 2502 3356 2568; x_wconf 88' lang='lat' dir='ltr'><strong>materiale</strong></span> <span class='ocrx_word' id='word_1_414' title='bbox 3392 2505 3681 2585; x_wconf 90' lang='lat' dir='ltr'><strong>respectu</strong></span> <span class='ocrx_word' id='word_1_415' title='bbox 3719 2501 3878 2566; x_wconf 88' lang='lat' dir='ltr'><strong>alte-</strong></span> 
     </span>
     <span class='ocr_line' id='line_1_67' title="bbox 2340 2608 3874 2693; baseline 0.001 -22"><span class='ocrx_word' id='word_1_416' title='bbox 2340 2608 2514 2687; x_wconf 88' lang='lat' dir='ltr'><strong>rius;</strong></span> <span class='ocrx_word' id='word_1_417' title='bbox 2545 2612 2609 2674; x_wconf 88' lang='lat' dir='ltr'><strong>et</strong></span> <span class='ocrx_word' id='word_1_418' title='bbox 2639 2608 2782 2673; x_wconf 91' lang='lat' dir='ltr'><strong>ideo</strong></span> <span class='ocrx_word' id='word_1_419' title='bbox 2817 2608 3011 2674; x_wconf 92' lang='lat' dir='ltr'><strong>simul</strong></span> <span class='ocrx_word' id='word_1_420' title='bbox 3044 2609 3250 2676; x_wconf 85' lang='lat' dir='ltr'><strong>eidem</strong></span> <span class='ocrx_word' id='word_1_421' title='bbox 3279 2611 3482 2674; x_wconf 88' lang='lat' dir='ltr'><strong>inesse</strong></span> <span class='ocrx_word' id='word_1_422' title='bbox 3508 2611 3874 2693; x_wconf 88' lang='lat' dir='ltr'><strong>potuerunt,</strong></span> 
     </span>
     <span class='ocr_line' id='line_1_68' title="bbox 2342 2713 3878 2800; baseline 0.002 -23"><span class='ocrx_word' id='word_1_423' title='bbox 2342 2713 2505 2779; x_wconf 91' lang='lat' dir='ltr'><strong>sicut</strong></span> <span class='ocrx_word' id='word_1_424' title='bbox 2541 2717 2610 2779; x_wconf 93' lang='lat' dir='ltr'><strong>in</strong></span> <span class='ocrx_word' id='word_1_425' title='bbox 2638 2734 2794 2781; x_wconf 83' lang='lat' dir='ltr'><strong>vero</strong></span> <span class='ocrx_word' id='word_1_426' title='bbox 2835 2717 3177 2800; x_wconf 85' lang='lat' dir='ltr'><strong>poenitente</strong></span> <span class='ocrx_word' id='word_1_427' title='bbox 3212 2717 3539 2795; x_wconf 88' lang='lat' dir='ltr'><strong>videmus,</strong></span> <span class='ocrx_word' id='word_1_428' title='bbox 3580 2715 3749 2799; x_wconf 93' lang='lat' dir='ltr'><strong>quod</strong></span> <span class='ocrx_word' id='word_1_429' title='bbox 3785 2717 3878 2780; x_wconf 91' lang='lat' dir='ltr'><strong>si-</strong></span> 
     </span>
     <span class='ocr_line' id='line_1_69' title="bbox 2342 2821 3876 2909; baseline 0.004 -24"><span class='ocrx_word' id='word_1_430' title='bbox 2342 2821 2484 2886; x_wconf 79' lang='lat' dir='ltr'><strong>mul</strong></span> <span class='ocrx_word' id='word_1_431' title='bbox 2509 2821 2699 2902; x_wconf 87' lang='lat' dir='ltr'><strong>dolet,</strong></span> <span class='ocrx_word' id='word_1_432' title='bbox 2728 2824 2894 2890; x_wconf 92' lang='lat' dir='ltr'><strong>etde</strong></span> <span class='ocrx_word' id='word_1_433' title='bbox 2920 2824 3134 2891; x_wconf 92' lang='lat' dir='ltr'><strong>dolore</strong></span> <span class='ocrx_word' id='word_1_434' title='bbox 3154 2825 3393 2909; x_wconf 78' lang='lat' dir='ltr'><strong>gaudet</strong></span> <span class='ocrx_word' id='word_1_435' title='bbox 3424 2846 3441 2891; x_wconf 72' lang='grc' dir='ltr'>ε</span> <span class='ocrx_word' id='word_1_436' title='bbox 3470 2825 3560 2890; x_wconf 90' lang='lat' dir='ltr'><strong>sic</strong></span> <span class='ocrx_word' id='word_1_437' title='bbox 3580 2828 3643 2890; x_wconf 84' lang='lat' dir='ltr'><strong>et</strong></span> <span class='ocrx_word' id='word_1_438' title='bbox 3660 2824 3876 2891; x_wconf 89' lang='lat' dir='ltr'><strong>anima</strong></span> 
     </span>
    </p>
   </div>
   <div class='ocr_carea' id='block_1_15' title="bbox 2345 2928 3882 3120">
    <p class='ocr_par' dir='ltr' id='par_1_17' title="bbox 2345 2928 3882 3120">
     <span class='ocr_line' id='line_1_70' title="bbox 2346 2928 3879 3016; baseline 0.003 -23"><span class='ocrx_word' id='word_1_439' title='bbox 2346 2928 2573 2994; x_wconf 88' lang='lat' dir='ltr'><strong>Christi</strong></span> <span class='ocrx_word' id='word_1_440' title='bbox 2614 2931 2965 2997; x_wconf 89' lang='lat' dir='ltr'><strong>secundum</strong></span> <span class='ocrx_word' id='word_1_441' title='bbox 3005 2934 3305 2997; x_wconf 88' lang='lat' dir='ltr'><strong>naturam</strong></span> <span class='ocrx_word' id='word_1_442' title='bbox 3333 2932 3581 3016; x_wconf 89' lang='lat' dir='ltr'><strong>corpori</strong></span> <span class='ocrx_word' id='word_1_443' title='bbox 3616 2932 3879 3015; x_wconf 89' lang='lat' dir='ltr'><strong>patienti</strong></span> 
     </span>
     <span class='ocr_line' id='line_1_71' title="bbox 2345 3033 3882 3120; baseline 0.001 -23"><span class='ocrx_word' id='word_1_444' title='bbox 2345 3033 2846 3115; x_wconf 88' lang='lat' dir='ltr'><strong>compatiebatur</strong></span> <span class='ocrx_word' id='word_1_445' title='bbox 2862 3057 2880 3116; x_wconf 80' lang='lat'><em>3</em></span> <span class='ocrx_word' id='word_1_446' title='bbox 2899 3039 3134 3101; x_wconf 87' lang='lat' dir='ltr'><strong>·tamen</strong></span> <span class='ocrx_word' id='word_1_447' title='bbox 3196 3035 3274 3099; x_wconf 92' lang='lat' dir='ltr'><strong>de</strong></span> <span class='ocrx_word' id='word_1_448' title='bbox 3318 3034 3427 3098; x_wconf 90' lang='lat' dir='ltr'><strong>illa</strong></span> <span class='ocrx_word' id='word_1_449' title='bbox 3480 3035 3770 3120; x_wconf 89' lang='lat' dir='ltr'><strong>passione</strong></span> <span class='ocrx_word' id='word_1_450' title='bbox 3813 3039 3882 3101; x_wconf 87' lang='lat' dir='ltr'><strong>et</strong></span> 
     </span>
    </p>
   </div>
   <div class='ocr_carea' id='block_1_16' title="bbox 2347 3140 4185 3226">
    <p class='ocr_par' dir='ltr' id='par_1_18' title="bbox 2347 3140 4185 3226">
     <span class='ocr_line' id='line_1_72' title="bbox 2347 3140 4185 3226; baseline -0.001 -21"><span class='ocrx_word' id='word_1_451' title='bbox 2347 3140 2779 3225; x_wconf 86' lang='lat' dir='ltr'><strong>compassione</strong></span> <span class='ocrx_word' id='word_1_452' title='bbox 2845 3141 3202 3208; x_wconf 81' lang='lat' dir='ltr'><strong>laetabatur.</strong></span> <span class='ocrx_word' id='word_1_453' title='bbox 3270 3140 3480 3207; x_wconf 88' lang='lat' dir='ltr'><strong>Tertia</strong></span> <span class='ocrx_word' id='word_1_454' title='bbox 3534 3141 3882 3226; x_wconf 83' lang='lat' dir='ltr'><strong>suppositio</strong></span> <span class='ocrx_word' id='word_1_455' title='bbox 3909 3163 4086 3222; x_wconf 76' lang='lat' dir='ltr'><strong>snpp.</strong></span> <span class='ocrx_word' id='word_1_456' title='bbox 4137 3172 4185 3214; x_wconf 74' lang='lat' dir='ltr'><strong>a.</strong></span> 
     </span>
    </p>
   </div>
   <div class='ocr_carea' id='block_1_17' title="bbox 2344 3247 3890 5267">
    <p class='ocr_par' dir='ltr' id='par_1_19' title="bbox 2344 3247 3890 5267">
     <span class='ocr_line' id='line_1_73' title="bbox 2348 3247 3886 3330; baseline 0.001 -17"><span class='ocrx_word' id='word_1_457' title='bbox 2348 3251 2464 3326; x_wconf 87' lang='lat' dir='ltr'><strong>est,</strong></span> <span class='ocrx_word' id='word_1_458' title='bbox 2494 3247 2666 3330; x_wconf 89' lang='lat' dir='ltr'><strong>quod</strong></span> <span class='ocrx_word' id='word_1_459' title='bbox 2693 3247 2975 3315; x_wconf 90' lang='lat' dir='ltr'><strong>Christus</strong></span> <span class='ocrx_word' id='word_1_460' title='bbox 3007 3249 3201 3315; x_wconf 87' lang='lat' dir='ltr'><strong>simul</strong></span> <span class='ocrx_word' id='word_1_461' title='bbox 3225 3253 3361 3314; x_wconf 85' lang='lat' dir='ltr'><strong>erat</strong></span> <span class='ocrx_word' id='word_1_462' title='bbox 3392 3250 3602 3316; x_wconf 89' lang='lat' dir='ltr'><strong>viator</strong></span> <span class='ocrx_word' id='word_1_463' title='bbox 3626 3255 3690 3316; x_wconf 93' lang='lat' dir='ltr'><strong>et</strong></span> <span class='ocrx_word' id='word_1_464' title='bbox 3714 3268 3886 3315; x_wconf 90' lang='lat' dir='ltr'><strong>com·</strong></span> 
     </span>
     <span class='ocr_line' id='line_1_74' title="bbox 2347 3355 3887 3439; baseline 0.002 -21"><span class='ocrx_word' id='word_1_465' title='bbox 2347 3355 2696 3439; x_wconf 90' lang='lat' dir='ltr'><strong>prehensor</strong></span> <span class='ocrx_word' id='word_1_466' title='bbox 2711 3405 2731 3437; x_wconf 85' lang='lat'><strong>,</strong></span> <span class='ocrx_word' id='word_1_467' title='bbox 2771 3355 2862 3421; x_wconf 87' lang='lat' dir='ltr'><strong>ita</strong></span> <span class='ocrx_word' id='word_1_468' title='bbox 2899 3356 3070 3439; x_wconf 89' lang='lat' dir='ltr'><strong>quod</strong></span> <span class='ocrx_word' id='word_1_469' title='bbox 3113 3355 3376 3421; x_wconf 86' lang='lat' dir='ltr'><strong>viatoris</strong></span> <span class='ocrx_word' id='word_1_470' title='bbox 3424 3357 3703 3438; x_wconf 83' lang='lat' dir='ltr'><strong>cognitio</strong></span> <span class='ocrx_word' id='word_1_471' title='bbox 3749 3375 3887 3421; x_wconf 91' lang='lat' dir='ltr'><strong>non</strong></span> 
     </span>
     <span class='ocr_line' id='line_1_75' title="bbox 2348 3461 3883 3546; baseline 0.001 -20"><span class='ocrx_word' id='word_1_472' title='bbox 2348 3461 2727 3545; x_wconf 86' lang='lat' dir='ltr'><strong>impediebat</strong></span> <span class='ocrx_word' id='word_1_473' title='bbox 2796 3463 3345 3545; x_wconf 90' lang='lat' dir='ltr'><strong>comprehensoris</strong></span> <span class='ocrx_word' id='word_1_474' title='bbox 3405 3463 3835 3546; x_wconf 81' lang='lat' dir='ltr'><strong>cognitionem</strong></span> <span class='ocrx_word' id='word_1_475' title='bbox 3862 3512 3883 3543; x_wconf 92' lang='lat'><strong>,</strong></span> 
     </span>
     <span class='ocr_line' id='line_1_76' title="bbox 2347 3570 3887 3637; baseline 0 -3"><span class='ocrx_word' id='word_1_476' title='bbox 2347 3588 2468 3635; x_wconf 91' lang='lat' dir='ltr'><strong>nec</strong></span> <span class='ocrx_word' id='word_1_477' title='bbox 2517 3570 2763 3637; x_wconf 84' lang='lat' dir='ltr'><strong>affectio</strong></span> <span class='ocrx_word' id='word_1_478' title='bbox 2811 3570 3211 3636; x_wconf 83' lang='lat' dir='ltr'><strong>affectionem</strong></span> <span class='ocrx_word' id='word_1_479' title='bbox 3264 3594 3280 3635; x_wconf 71' lang='grc' dir='ltr'><strong>ε</strong></span> <span class='ocrx_word' id='word_1_480' title='bbox 3320 3575 3385 3636; x_wconf 86' lang='lat' dir='ltr'><strong>et</strong></span> <span class='ocrx_word' id='word_1_481' title='bbox 3420 3570 3579 3637; x_wconf 90' lang='lat' dir='ltr'><strong>illud</strong></span> <span class='ocrx_word' id='word_1_482' title='bbox 3630 3570 3755 3635; x_wconf 85' lang='lat' dir='ltr'><strong>fuit</strong></span> <span class='ocrx_word' id='word_1_483' title='bbox 3811 3570 3887 3634; x_wconf 89' lang='lat' dir='ltr'><strong>in</strong></span> 
     </span>
     <span class='ocr_line' id='line_1_77' title="bbox 2350 3677 3882 3762; baseline -0.001 -20"><span class='ocrx_word' id='word_1_484' title='bbox 2350 3677 2592 3742; x_wconf 87' lang='lat' dir='ltr'><strong>Christo</strong></span> <span class='ocrx_word' id='word_1_485' title='bbox 2635 3678 2966 3760; x_wconf 82' lang='lat' dir='ltr'><strong>singulare</strong></span> <span class='ocrx_word' id='word_1_486' title='bbox 3008 3681 3269 3762; x_wconf 90' lang='lat' dir='ltr'><strong>propter</strong></span> <span class='ocrx_word' id='word_1_487' title='bbox 3318 3678 3602 3742; x_wconf 81' lang='lat' dir='ltr'><strong>officium</strong></span> <span class='ocrx_word' id='word_1_488' title='bbox 3634 3677 3882 3743; x_wconf 88' lang='lat' dir='ltr'><strong>media-</strong></span> 
     </span>
     <span class='ocr_line' id='line_1_78' title="bbox 2348 3783 3888 3867; baseline 0.002 -21"><span class='ocrx_word' id='word_1_489' title='bbox 2348 3783 2502 3846; x_wconf 90' lang='lat' dir='ltr'><strong>toris</strong></span> <span class='ocrx_word' id='word_1_490' title='bbox 2521 3829 2539 3862; x_wconf 93' lang='lat'><strong>,</strong></span> <span class='ocrx_word' id='word_1_491' title='bbox 2582 3802 2712 3867; x_wconf 87' lang='lat' dir='ltr'><strong>quo</strong></span> <span class='ocrx_word' id='word_1_492' title='bbox 2765 3783 3032 3849; x_wconf 87' lang='lat' dir='ltr'><strong>debebat</strong></span> <span class='ocrx_word' id='word_1_493' title='bbox 3074 3784 3352 3867; x_wconf 85' lang='lat' dir='ltr'><strong>experiri</strong></span> <span class='ocrx_word' id='word_1_494' title='bbox 3402 3787 3466 3849; x_wconf 91' lang='lat' dir='ltr'><strong>et</strong></span> <span class='ocrx_word' id='word_1_495' title='bbox 3515 3783 3736 3849; x_wconf 86' lang='lat' dir='ltr'><strong>divina</strong></span> <span class='ocrx_word' id='word_1_496' title='bbox 3762 3832 3786 3866; x_wconf 87' lang='lat'>‚</span> <span class='ocrx_word' id='word_1_497' title='bbox 3818 3790 3888 3849; x_wconf 89' lang='lat' dir='ltr'><strong>et</strong></span> 
     </span>
     <span class='ocr_line' id='line_1_79' title="bbox 2346 3892 3883 3975; baseline -0.001 -18"><span class='ocrx_word' id='word_1_498' title='bbox 2346 3892 2654 3957; x_wconf 90' lang='lat' dir='ltr'><strong>humana.</strong></span> <span class='ocrx_word' id='word_1_499' title='bbox 2698 3892 2877 3959; x_wconf 89' lang='lat' dir='ltr'><strong>Unde</strong></span> <span class='ocrx_word' id='word_1_500' title='bbox 2921 3894 3088 3958; x_wconf 88' lang='lat' dir='ltr'><strong>sicut</strong></span> <span class='ocrx_word' id='word_1_501' title='bbox 3142 3893 3334 3957; x_wconf 90' lang='lat' dir='ltr'><strong>simul</strong></span> <span class='ocrx_word' id='word_1_502' title='bbox 3390 3898 3456 3957; x_wconf 91' lang='lat' dir='ltr'><strong>et</strong></span> <span class='ocrx_word' id='word_1_503' title='bbox 3506 3893 3701 3959; x_wconf 88' lang='lat' dir='ltr'><strong>semel</strong></span> <span class='ocrx_word' id='word_1_504' title='bbox 3764 3912 3883 3975; x_wconf 89' lang='lat' dir='ltr'><strong>po-</strong></span> 
     </span>
     <span class='ocr_line' id='line_1_80' title="bbox 2349 4000 3890 4085; baseline 0 -22"><span class='ocrx_word' id='word_1_505' title='bbox 2349 4004 2509 4065; x_wconf 85' lang='lat' dir='ltr'><strong>terat</strong></span> <span class='ocrx_word' id='word_1_506' title='bbox 2555 4002 2834 4085; x_wconf 82' lang='lat' dir='ltr'><strong>perfecte</strong></span> <span class='ocrx_word' id='word_1_507' title='bbox 2869 4001 3152 4066; x_wconf 85' lang='lat' dir='ltr'><strong>converti</strong></span> <span class='ocrx_word' id='word_1_508' title='bbox 3209 4000 3290 4066; x_wconf 93' lang='lat' dir='ltr'><strong>ad</strong></span> <span class='ocrx_word' id='word_1_509' title='bbox 3332 4000 3534 4065; x_wconf 91' lang='lat' dir='ltr'><strong>Deum</strong></span> <span class='ocrx_word' id='word_1_510' title='bbox 3547 4047 3570 4080; x_wconf 93' lang='lat'><strong>,</strong></span> <span class='ocrx_word' id='word_1_511' title='bbox 3625 4002 3689 4064; x_wconf 89' lang='lat' dir='ltr'><strong>et</strong></span> <span class='ocrx_word' id='word_1_512' title='bbox 3725 4017 3890 4064; x_wconf 89' lang='lat' dir='ltr'><strong>con-</strong></span> 
     </span>
     <span class='ocr_line' id='line_1_81' title="bbox 2348 4110 3887 4192; baseline -0.001 -18"><span class='ocrx_word' id='word_1_513' title='bbox 2348 4111 2510 4174; x_wconf 85' lang='lat' dir='ltr'><strong>verti</strong></span> <span class='ocrx_word' id='word_1_514' title='bbox 2537 4114 2617 4175; x_wconf 88' lang='lat' dir='ltr'><strong>ad</strong></span> <span class='ocrx_word' id='word_1_515' title='bbox 2657 4129 2774 4175; x_wconf 92' lang='lat' dir='ltr'><strong>nos</strong></span> <span class='ocrx_word' id='word_1_516' title='bbox 2790 4158 2808 4190; x_wconf 82' lang='lat'><strong>,</strong></span> <span class='ocrx_word' id='word_1_517' title='bbox 2848 4111 2937 4175; x_wconf 89' lang='lat' dir='ltr'><strong>ita</strong></span> <span class='ocrx_word' id='word_1_518' title='bbox 2959 4110 3131 4192; x_wconf 93' lang='lat' dir='ltr'><strong>quod</strong></span> <span class='ocrx_word' id='word_1_519' title='bbox 3169 4128 3300 4174; x_wconf 89' lang='lat' dir='ltr'><strong>una</strong></span> <span class='ocrx_word' id='word_1_520' title='bbox 3322 4110 3580 4175; x_wconf 82' lang='lat' dir='ltr'><strong>illarum</strong></span> <span class='ocrx_word' id='word_1_521' title='bbox 3606 4127 3887 4175; x_wconf 86' lang='lat' dir='ltr'><strong>conver-</strong></span> 
     </span>
     <span class='ocr_line' id='line_1_82' title="bbox 2347 4218 3881 4302; baseline 0 -20"><span class='ocrx_word' id='word_1_522' title='bbox 2347 4218 2603 4283; x_wconf 91' lang='lat' dir='ltr'><strong>sionum</strong></span> <span class='ocrx_word' id='word_1_523' title='bbox 2648 4218 2910 4283; x_wconf 88' lang='lat' dir='ltr'><strong>alteram</strong></span> <span class='ocrx_word' id='word_1_524' title='bbox 2958 4236 3090 4283; x_wconf 90' lang='lat' dir='ltr'><strong>non</strong></span> <span class='ocrx_word' id='word_1_525' title='bbox 3148 4218 3548 4302; x_wconf 86' lang='lat' dir='ltr'><strong>impediebat,</strong></span> <span class='ocrx_word' id='word_1_526' title='bbox 3601 4235 3720 4283; x_wconf 90' lang='lat' dir='ltr'><strong>nec</strong></span> <span class='ocrx_word' id='word_1_527' title='bbox 3773 4236 3881 4282; x_wconf 92' lang='lat' dir='ltr'><strong>re-</strong></span> 
     </span>
     <span class='ocr_line' id='line_1_83' title="bbox 2346 4325 3885 4409; baseline 0.001 -19"><span class='ocrx_word' id='word_1_528' title='bbox 2346 4325 2636 4390; x_wconf 87' lang='lat' dir='ltr'><strong>tardabat</strong></span> <span class='ocrx_word' id='word_1_529' title='bbox 2667 4344 2685 4407; x_wconf 83' lang='lat'><em>3</em></span> <span class='ocrx_word' id='word_1_530' title='bbox 2738 4326 2830 4390; x_wconf 90' lang='lat' dir='ltr'><strong>sic</strong></span> <span class='ocrx_word' id='word_1_531' title='bbox 2896 4326 3103 4409; x_wconf 90' lang='lat' dir='ltr'><strong>potuit</strong></span> <span class='ocrx_word' id='word_1_532' title='bbox 3161 4326 3518 4391; x_wconf 90' lang='lat' dir='ltr'><strong>secundum</strong></span> <span class='ocrx_word' id='word_1_533' title='bbox 3589 4325 3885 4391; x_wconf 89' lang='lat' dir='ltr'><strong>eamdem</strong></span> 
     </span>
     <span class='ocr_line' id='line_1_84' title="bbox 2347 4434 3883 4518; baseline 0.001 -19"><span class='ocrx_word' id='word_1_534' title='bbox 2347 4440 2592 4518; x_wconf 87' lang='lat' dir='ltr'><strong>partem</strong></span> <span class='ocrx_word' id='word_1_535' title='bbox 2622 4435 2859 4500; x_wconf 80' lang='lat' dir='ltr'><strong>animae</strong></span> <span class='ocrx_word' id='word_1_536' title='bbox 2906 4434 3101 4500; x_wconf 86' lang='lat' dir='ltr'><strong>simul</strong></span> <span class='ocrx_word' id='word_1_537' title='bbox 3141 4438 3205 4501; x_wconf 88' lang='lat' dir='ltr'><strong>et</strong></span> <span class='ocrx_word' id='word_1_538' title='bbox 3245 4435 3441 4501; x_wconf 88' lang='lat' dir='ltr'><strong>semel</strong></span> <span class='ocrx_word' id='word_1_539' title='bbox 3482 4437 3763 4518; x_wconf 81' lang='lat' dir='ltr'><strong>gaudere</strong></span> <span class='ocrx_word' id='word_1_540' title='bbox 3812 4438 3883 4501; x_wconf 90' lang='lat' dir='ltr'><strong>in</strong></span> 
     </span>
     <span class='ocr_line' id='line_1_85' title="bbox 2346 4541 3883 4627; baseline 0.001 -20"><span class='ocrx_word' id='word_1_541' title='bbox 2346 4542 2505 4624; x_wconf 82' lang='lat' dir='ltr'><strong>Deo,</strong></span> <span class='ocrx_word' id='word_1_542' title='bbox 2534 4545 2600 4607; x_wconf 89' lang='lat' dir='ltr'><strong>et</strong></span> <span class='ocrx_word' id='word_1_543' title='bbox 2631 4543 2905 4626; x_wconf 90' lang='lat' dir='ltr'><strong>compati</strong></span> <span class='ocrx_word' id='word_1_544' title='bbox 2944 4541 3189 4624; x_wconf 90' lang='lat' dir='ltr'><strong>corpori</strong></span> <span class='ocrx_word' id='word_1_545' title='bbox 3225 4560 3344 4607; x_wconf 90' lang='lat' dir='ltr'><strong>suo</strong></span> <span class='ocrx_word' id='word_1_546' title='bbox 3377 4565 3393 4608; x_wconf 89' lang='lat'><strong>:</strong></span> <span class='ocrx_word' id='word_1_547' title='bbox 3423 4542 3514 4607; x_wconf 87' lang='lat' dir='ltr'><strong>ita</strong></span> <span class='ocrx_word' id='word_1_548' title='bbox 3555 4542 3721 4627; x_wconf 91' lang='lat' dir='ltr'><strong>quod</strong></span> <span class='ocrx_word' id='word_1_549' title='bbox 3759 4561 3883 4609; x_wconf 89' lang='lat' dir='ltr'><strong>nec</strong></span> 
     </span>
     <span class='ocr_line' id='line_1_86' title="bbox 2345 4649 3878 4733; baseline 0 -18"><span class='ocrx_word' id='word_1_550' title='bbox 2345 4651 2524 4716; x_wconf 91' lang='lat' dir='ltr'><strong>dolor</strong></span> <span class='ocrx_word' id='word_1_551' title='bbox 2550 4670 2589 4715; x_wconf 93' lang='lat' dir='ltr'><strong>a</strong></span> <span class='ocrx_word' id='word_1_552' title='bbox 2614 4650 2852 4731; x_wconf 82' lang='lat' dir='ltr'><strong>gaudio</strong></span> <span class='ocrx_word' id='word_1_553' title='bbox 2865 4698 2887 4730; x_wconf 92' lang='lat'><strong>,</strong></span> <span class='ocrx_word' id='word_1_554' title='bbox 2915 4667 3032 4715; x_wconf 90' lang='lat' dir='ltr'><strong>nec</strong></span> <span class='ocrx_word' id='word_1_555' title='bbox 3053 4649 3369 4733; x_wconf 80' lang='lat' dir='ltr'><strong>gaudium</strong></span> <span class='ocrx_word' id='word_1_556' title='bbox 3393 4669 3434 4716; x_wconf 90' lang='lat' dir='ltr'><strong>a</strong></span> <span class='ocrx_word' id='word_1_557' title='bbox 3461 4649 3673 4715; x_wconf 88' lang='lat' dir='ltr'><strong>dolore</strong></span> <span class='ocrx_word' id='word_1_558' title='bbox 3698 4654 3878 4733; x_wconf 91' lang='lat' dir='ltr'><strong>pate-</strong></span> 
     </span>
     <span class='ocr_line' id='line_1_87' title="bbox 2346 4755 3885 4841; baseline -0.001 -18"><span class='ocrx_word' id='word_1_559' title='bbox 2346 4761 2523 4823; x_wconf 90' lang='lat' dir='ltr'><strong>retur</strong></span> <span class='ocrx_word' id='word_1_560' title='bbox 2548 4759 2827 4841; x_wconf 88' lang='lat' dir='ltr'><strong>aliquam</strong></span> <span class='ocrx_word' id='word_1_561' title='bbox 2857 4756 3370 4835; x_wconf 89' lang='lat' dir='ltr'><strong>diminutionem,</strong></span> <span class='ocrx_word' id='word_1_562' title='bbox 3399 4755 3536 4821; x_wconf 88' lang='lat' dir='ltr'><strong>sive</strong></span> <span class='ocrx_word' id='word_1_563' title='bbox 3564 4756 3885 4822; x_wconf 86' lang='lat' dir='ltr'><strong>remissio—</strong></span> 
     </span>
     <span class='ocr_line' id='line_1_88' title="bbox 2345 4861 3878 4947; baseline 0 -19"><span class='ocrx_word' id='word_1_564' title='bbox 2345 4881 2492 4928; x_wconf 90' lang='lat' dir='ltr'><strong>nem</strong></span> <span class='ocrx_word' id='word_1_565' title='bbox 2522 4865 2564 4929; x_wconf 83' lang='lat'><strong>¹.</strong></span> <span class='ocrx_word' id='word_1_566' title='bbox 2600 4863 3083 4929; x_wconf 91' lang='lat' dir='ltr'><strong>Concedendum</strong></span> <span class='ocrx_word' id='word_1_567' title='bbox 3127 4867 3223 4928; x_wconf 86' lang='lat' dir='ltr'><strong>est</strong></span> <span class='ocrx_word' id='word_1_568' title='bbox 3246 4879 3406 4947; x_wconf 80' lang='lat' dir='ltr'><strong>ergo</strong></span> <span class='ocrx_word' id='word_1_569' title='bbox 3434 4861 3754 4927; x_wconf 88' lang='lat' dir='ltr'><strong>Christum</strong></span> <span class='ocrx_word' id='word_1_570' title='bbox 3773 4881 3878 4928; x_wconf 88' lang='lat' dir='ltr'><strong>se-</strong></span> 
     </span>
     <span class='ocr_line' id='line_1_89' title="bbox 2346 4969 3885 5053; baseline 0.002 -20"><span class='ocrx_word' id='word_1_571' title='bbox 2346 4971 2628 5035; x_wconf 91' lang='lat' dir='ltr'><strong>cundum</strong></span> <span class='ocrx_word' id='word_1_572' title='bbox 2662 4971 3055 5053; x_wconf 87' lang='lat' dir='ltr'><strong>superiorem</strong></span> <span class='ocrx_word' id='word_1_573' title='bbox 3083 4969 3438 5053; x_wconf 92' lang='lat' dir='ltr'><strong>portionem</strong></span> <span class='ocrx_word' id='word_1_574' title='bbox 3469 4969 3731 5035; x_wconf 87' lang='lat' dir='ltr'><strong>rationis</strong></span> <span class='ocrx_word' id='word_1_575' title='bbox 3763 4969 3885 5036; x_wconf 91' lang='lat' dir='ltr'><strong>do-</strong></span> 
     </span>
     <span class='ocr_line' id='line_1_90' title="bbox 2345 5076 3885 5160; baseline 0 -19"><span class='ocrx_word' id='word_1_576' title='bbox 2345 5077 2538 5143; x_wconf 86' lang='lat' dir='ltr'><strong>luisse</strong></span> <span class='ocrx_word' id='word_1_577' title='bbox 2565 5078 2634 5142; x_wconf 90' lang='lat' dir='ltr'><strong>in</strong></span> <span class='ocrx_word' id='word_1_578' title='bbox 2660 5077 2987 5160; x_wconf 88' lang='lat' dir='ltr'><strong>passione,</strong></span> <span class='ocrx_word' id='word_1_579' title='bbox 3017 5078 3086 5140; x_wconf 92' lang='lat' dir='ltr'><strong>in</strong></span> <span class='ocrx_word' id='word_1_580' title='bbox 3124 5078 3438 5160; x_wconf 90' lang='lat' dir='ltr'><strong>quantum</strong></span> <span class='ocrx_word' id='word_1_581' title='bbox 3470 5078 3684 5141; x_wconf 90' lang='lat' dir='ltr'><strong>tamen</strong></span> <span class='ocrx_word' id='word_1_582' title='bbox 3713 5076 3885 5147; x_wconf 84' lang='lat' dir='ltr'><strong>ratio</strong></span> 
     </span>
     <span class='ocr_line' id='line_1_91' title="bbox 2344 5182 3884 5267; baseline 0.001 -19"><span class='ocrx_word' id='word_1_583' title='bbox 2344 5185 2453 5248; x_wconf 90' lang='lat' dir='ltr'><strong>illa</strong></span> <span class='ocrx_word' id='word_1_584' title='bbox 2472 5184 2903 5249; x_wconf 90' lang='lat' dir='ltr'><strong>consideratur</strong></span> <span class='ocrx_word' id='word_1_585' title='bbox 2928 5202 3042 5267; x_wconf 87' lang='lat' dir='ltr'><strong>per</strong></span> <span class='ocrx_word' id='word_1_586' title='bbox 3057 5183 3320 5249; x_wconf 90' lang='lat' dir='ltr'><strong>modum</strong></span> <span class='ocrx_word' id='word_1_587' title='bbox 3344 5187 3616 5249; x_wconf 83' lang='lat' dir='ltr'><strong>naturae.</strong></span> <span class='ocrx_word' id='word_1_588' title='bbox 3635 5182 3884 5250; x_wconf 86' lang='lat' dir='ltr'><strong>Etcon·</strong></span> 
     </span>
    </p>
   </div>
   <div class='ocr_carea' id='block_1_18' title="bbox 2344 5344 3880 5496">
    <p class='ocr_par' dir='ltr' id='par_1_20' title="bbox 2344 5344 3880 5496">
     <span class='ocr_line' id='line_1_92' title="bbox 2344 5344 3880 5412; baseline -0.001 -15"><span class='ocrx_word' id='word_1_589' title='bbox 2344 5346 2597 5412; x_wconf 89' lang='lat' dir='ltr'><strong>periorem</strong></span> <span class='ocrx_word' id='word_1_590' title='bbox 2621 5347 2678 5396; x_wconf 84' lang='lat' dir='ltr'><strong>ut</strong></span> <span class='ocrx_word' id='word_1_591' title='bbox 2701 5349 2909 5409; x_wconf 82' lang='lat' dir='ltr'><strong>natura,</strong></span> <span class='ocrx_word' id='word_1_592' title='bbox 2929 5360 2982 5411; x_wconf 91' lang='lat' dir='ltr'><strong>p.</strong></span> <span class='ocrx_word' id='word_1_593' title='bbox 3013 5347 3101 5409; x_wconf 81' lang='lat'>111.</span> <span class='ocrx_word' id='word_1_594' title='bbox 3126 5360 3178 5411; x_wconf 87' lang='lat' dir='ltr'><strong>q.</strong></span> <span class='ocrx_word' id='word_1_595' title='bbox 3199 5357 3346 5409; x_wconf 70' lang='lat' dir='ltr'><strong>xlm,</strong></span> <span class='ocrx_word' id='word_1_596' title='bbox 3369 5346 3465 5395; x_wconf 82' lang='lat' dir='ltr'><strong>art.</strong></span> <span class='ocrx_word' id='word_1_597' title='bbox 3493 5346 3543 5394; x_wconf 81' lang='grc' dir='ltr'><strong>Ἰ.</strong></span> <span class='ocrx_word' id='word_1_598' title='bbox 3573 5344 3685 5404; x_wconf 89' lang='lat' dir='ltr'><strong>Quo</strong></span> <span class='ocrx_word' id='word_1_599' title='bbox 3714 5345 3880 5396; x_wconf 86' lang='lat' dir='ltr'><strong>modo</strong></span> 
     </span>
     <span class='ocr_line' id='line_1_93' title="bbox 2344 5413 3878 5496; baseline -0.003 -26"><span class='ocrx_word' id='word_1_600' title='bbox 2344 5417 2498 5477; x_wconf 83' lang='lat' dir='ltr'><strong>etiam</strong></span> <span class='ocrx_word' id='word_1_601' title='bbox 2515 5417 2732 5469; x_wconf 85' lang='lat' dir='ltr'><strong>sustinet</strong></span> <span class='ocrx_word' id='word_1_602' title='bbox 2754 5420 2807 5470; x_wconf 92' lang='lat' dir='ltr'><strong>S.</strong></span> <span class='ocrx_word' id='word_1_603' title='bbox 2841 5419 3056 5495; x_wconf 58' lang='lat' dir='ltr'><strong>Bonam,</strong></span> <span class='ocrx_word' id='word_1_604' title='bbox 3075 5422 3132 5468; x_wconf 87' lang='lat' dir='ltr'><strong>ut</strong></span> <span class='ocrx_word' id='word_1_605' title='bbox 3156 5419 3295 5496; x_wconf 80' lang='lat' dir='ltr'><strong>patet</strong></span> <span class='ocrx_word' id='word_1_606' title='bbox 3313 5416 3400 5471; x_wconf 82' lang='lat' dir='ltr'><strong>hic</strong></span> <span class='ocrx_word' id='word_1_607' title='bbox 3421 5414 3486 5466; x_wconf 77' lang='lat' dir='ltr'><strong>ad</strong></span> <span class='ocrx_word' id='word_1_608' title='bbox 3511 5413 3878 5490; x_wconf 77' lang='lat' dir='ltr'><strong>penultimum.</strong></span> 
     </span>
    </p>
   </div>
  </div>
 </body>
</html>
