4185 6288
687 461 805 525 120

688 591 924 657 lectum
941 640 960 671 ,
1001 608 1284 674 quorum
1331 606 1504 654 unus
1541 595 1638 655 est
1674 608 1870 655 verus
1912 593 1977 654 et
2011 588 2235 653 catho-

687 700 886 777 licus,
912 701 1056 765 licet
1096 699 1261 764 alius
1296 699 1379 763 sit
1417 701 1783 782 ambiguus.
1834 697 2049 778 Unus,
2083 714 2234 763 cum

689 808 959 874 dicitur:
1000 832 1030 867 α
1068 807 1297 872 Divina
1321 810 1554 872 natura
1579 811 1673 871 est
1707 807 2072 884 incarnata,
2103 828 2133 864 ›>
2170 804 2237 869 id

690 921 806 995 est,
839 916 1012 982 carni
1044 916 1244 995 unita,
1281 920 1344 979 et
1363 916 1487 979 hoe
1513 916 1753 998 absque
1779 914 1975 979 dubio
2001 930 2236 979 verum

690 1028 822 1089 est:
853 1042 1006 1087 cum
1031 1023 1205 1087 enim
1227 1023 1385 1088 unio
1421 1023 1585 1087 dicat
1612 1023 1981 1087 relationem
1997 1069 2015 1101 ,
2041 1020 2238 1083 simul

690 1149 841 1195 cum
865 1131 990 1194 boc
1017 1135 1196 1195 notat
1230 1135 1610 1195 naturarum
1638 1128 2105 1194 distinctionem
2127 1175 2143 1203 ‚
2174 1131 2237 1191 et

690 1238 974 1303 excludit
1009 1236 1489 1301 confusionem:
1528 1240 1591 1301 et
1626 1237 1767 1301 ideo
1794 1237 2038 1301 ratione
2067 1235 2240 1299 illius

689 1345 1044 1411 intellectus
1078 1348 1283 1427 potest
1314 1344 1569 1408 concedi
1600 1365 1614 1407 ε
1668 1366 1699 1401 α
1734 1343 1963 1407 Divina
2004 1346 2240 1407 natura

692 1457 785 1518 est
811 1453 1158 1517 incarnata.
1196 1476 1226 1511 n
1264 1451 1475 1517 Potest
1500 1451 1690 1515 etiam
1720 1450 1885 1514 alius
1921 1468 2055 1514 esse
2084 1468 2240 1513 sen-

692 1577 836 1623 sus:
874 1582 904 1619 «
929 1558 1160 1625 Divina
1185 1562 1416 1623 natura
1442 1562 1538 1623 est
1563 1558 1923 1636 incarnata,
1954 1579 1984 1617 ι)
2018 1557 2082 1621 id
2107 1559 2236 1637 est,

692 1684 840 1730 caro
874 1666 1075 1743 facta:
1107 1670 1169 1730 et
1204 1666 1451 1729 ratione
1489 1664 1681 1728 istius
1715 1683 1848 1729 non
1883 1664 2243 1729 admittitur

692 1771 1119 1837 communiter
1166 1791 1205 1835 a
1245 1772 1631 1838 doctoribus.
1682 1770 1835 1835 Haec
1877 1771 2054 1834 enim
2108 1789 2242 1835 non

692 1878 1037 1961 recipitur:
1082 1903 1112 1941 α
1145 1878 1370 1943 Divina
1406 1882 1637 1942 natura
1663 1883 1757 1942 est
1796 1896 1945 1943 caro
1970 1877 2172 1942 facta:
2202 1898 2235 1937 n

695 1987 887 2052 habet
912 1985 1088 2051 enim
1116 1986 1434 2077 duplicem
1461 1985 1854 2049 intellectum
1875 2033 1892 2061 ‚
1924 1985 2081 2049 etin
2113 2003 2243 2048 uno

696 2093 1026 2158 intellectu
1063 2099 1159 2158 est
1199 2093 1384 2173 falsa,
1429 2097 1493 2158 et
1530 2093 1598 2157 in
1635 2093 1760 2157 alio
1801 2094 2126 2157 intellectu
2151 2097 2243 2157 est

695 2201 852 2267 adeo
898 2201 1296 2284 expressiva,
1342 2200 1514 2283 quod
1561 2204 1765 2283 potest
1812 2201 2122 2265 deducere
2174 2200 2245 2263 iu

699 2326 1023 2372 errorem:
1069 2313 1133 2372 et
1159 2307 1302 2372 ideo
1328 2307 1506 2371 nullo
1535 2308 1725 2372 modo
1750 2307 2075 2391 recipitur.
2108 2308 2244 2371 Du-

697 2418 929 2500 plicem
982 2422 1201 2482 autem
1250 2417 1442 2481 habet
1495 2418 1889 2482 intellectum
1942 2417 2245 2498 praedicta

696 2525 969 2605 locutio,
1016 2544 1098 2589 ex
1138 2544 1215 2589 eo
1260 2523 1430 2606 quod
1478 2524 1636 2603 hoc,
1680 2523 1852 2606 quod
1890 2530 1984 2591 est
2029 2524 2241 2603 facta,

698 2636 903 2716 potest
948 2632 1171 2696 cadere
1210 2631 1377 2694 inter
1421 2631 1782 2712 subjectum
1825 2634 1891 2695 et
1937 2631 2243 2713 praedica-

697 2745 838 2806 tum
861 2789 880 2820 ,
927 2745 990 2804 et
1031 2743 1234 2822 potest
1268 2738 1464 2803 etiam
1501 2737 1726 2802 referri
1766 2738 1847 2802 ad
1892 2741 2125 2803 totum.
2175 2739 2245 2804 Si

700 2849 880 2913 cadat
903 2848 1071 2912 inter
1106 2848 1467 2930 subjectum
1501 2849 1565 2911 et
1600 2846 2013 2929 praedicatum
2030 2896 2047 2927 ,
2092 2852 2247 2912 tunc

700 2960 880 3021 notat
905 2956 1245 3023 factionem
1284 2955 1451 3018 circa
1491 2954 1778 3021 divinam
1814 2958 2116 3019 naturam
2144 2973 2248 3020 re-

701 3070 921 3150 spectu
965 3064 1191 3129 formae
1236 3064 1465 3128 carnis.
1521 3061 1600 3126 Et
1641 3062 1782 3126 ideo
1830 3080 2052 3127 sensus
2105 3066 2241 3126 est:

710 3199 743 3238 α
764 3175 993 3239 Divina
1018 3178 1251 3238 natura
1272 3178 1369 3238 est
1395 3191 1543 3238 caro
1565 3173 1758 3250 facta,
1784 3193 1815 3231 n
1845 3171 1909 3234 id
1935 3176 2060 3248 est,
2092 3190 2245 3237 con-

701 3301 891 3347 versa
911 3282 982 3345 in
999 3298 1255 3345 carnem
1282 3298 1299 3342 :
1321 3284 1384 3343 et
1402 3279 1540 3344 haec
1557 3279 1925 3362 simpliciter
1946 3283 2041 3344 est
2066 3280 2243 3344 falsa.

705 3389 776 3456 Si
821 3394 1040 3454 autem
1084 3387 1382 3470 respiciat
1423 3391 1628 3451 totum
1647 3434 1666 3465 ,
1709 3385 1799 3449 sic
1841 3404 2066 3450 sensus
2110 3390 2242 3451 est:

715 3520 746 3559 α
775 3497 1005 3562 Divina
1031 3499 1264 3559 natura
1293 3499 1387 3558 est
1412 3512 1560 3558 caro
1584 3492 1778 3570 facta,
1809 3514 1838 3551 n
1879 3492 1944 3557 id
1972 3497 2086 3569 est,
2118 3492 2250 3556 fac—

704 3611 848 3670 tum
876 3609 971 3670 est
992 3609 1070 3668 ut
1093 3601 1311 3668 divina
1337 3605 1567 3665 natura
1593 3599 1684 3663 sic
1714 3618 1900 3665 earo:
1934 3600 2077 3664 haec
2105 3600 2247 3683 qui-

706 3713 854 3778 dem
896 3711 1152 3796 proprie
1193 3707 1514 3791 loquendo
1553 3711 1650 3771 est
1687 3708 1874 3785 falsa,
1915 3707 2068 3790 quia
2103 3725 2252 3772 caro

707 3839 839 3886 non
873 3819 1258 3904 praedicatur
1286 3816 1364 3882 de
1395 3816 1613 3879 divina
1637 3819 1893 3879 natura.
1936 3814 2004 3878 Si
2032 3818 2251 3880 autem

708 3927 1105 4008 intelligatur
1159 3922 1612 4008 synecdochice
1628 3969 1648 4000 ,
1704 3926 1779 3985 ut
1839 3920 1919 3985 sit
1971 3939 2197 3986 sensus
2231 3943 2247 3987 :

715 4057 747 4095 α
771 4033 1002 4098 Divina
1026 4036 1261 4096 natura
1286 4035 1382 4095 est
1408 4048 1577 4109 caro,
1597 4051 1629 4090 n
1664 4029 1730 4094 id
1748 4034 1864 4106 est,
1885 4029 2106 4107 homo,
2134 4030 2252 4094 etsi

705 4140 864 4205 illud
917 4139 1134 4222 aliquo
1179 4137 1370 4203 modo
1423 4141 1633 4219 posset
1682 4136 1940 4201 concedi
1996 4142 2254 4220 propter

706 4247 1219 4313 convenientiam
1246 4245 1316 4309 in
1342 4244 1690 4328 hypostasi,
1722 4262 1870 4327 quae
1907 4245 2055 4309 facit
2090 4245 2254 4309 idio-

705 4359 954 4420 matum
972 4351 1646 4431 communicationem,
1665 4355 1925 4435 propter
1941 4352 2064 4416 hoc
2080 4352 2252 4435 quod

705 4462 848 4527 haec
874 4469 968 4528 est
998 4476 1192 4527 vera:
1231 4483 1261 4520 α
1307 4459 1513 4523 Homo
1542 4463 1636 4523 est
1661 4459 1879 4524 divina
1908 4465 2177 4540 natura,
2212 4483 2243 4520 »

704 4571 772 4635 id
813 4576 937 4650 est,
978 4569 1085 4633 ille
1130 4568 1243 4650 qui
1277 4571 1370 4631 θεῖ
1407 4565 1639 4630 homo:
1685 4571 1944 4650 propter
1984 4568 2254 4632 nimiam

706 4683 923 4742 tamen
948 4675 1420 4760 expressionem
1456 4671 1722 4736 tacenda
1748 4676 1871 4752 est,
1905 4691 1988 4738 ne
2028 4674 2257 4740 videa-

708 4790 816 4849 tur
850 4789 1083 4849 natura
1126 4780 1459 4868 praedicari
1492 4779 1572 4843 de
1613 4786 1844 4845 natura
1861 4829 1880 4861 ,
1922 4781 2027 4847 vel
2065 4786 2258 4847 natu-

709 4914 932 4959 rarum
974 4895 1114 4960 fieri
1168 4891 1564 4958 identitatem
1608 4894 1723 4955 aut
1777 4892 2214 4957 confusionem
2233 4941 2254 4972 ,

709 5020 858 5085 quae
882 5002 1099 5066 omnia
1134 4997 1481 5082 releganda
1518 5002 1670 5062 sunt
1695 4999 1778 5062 ab
1801 4998 1914 5064 illa
1934 5001 2257 5066 excellen-

710 5110 957 5174 tissima
983 5109 1222 5174 unione
1243 5111 1307 5171 et
1334 5105 1788 5188 assumptione.
1822 5106 2251 5174 Concedendae

708 5220 862 5281 sunt
904 5233 1063 5297 ergo
1110 5214 1385 5279 rationes
1424 5213 1826 5279 ostendentes
1867 5215 2258 5281 locutionem

710 5324 1080 5409 praedictam
1107 5340 1239 5386 non
1264 5338 1399 5386 esse
1425 5319 1881 5387 admittendam
1899 5373 1919 5407 ,
1948 5324 2094 5389 licet
2118 5344 2252 5391 non

711 5433 996 5499 multum
1019 5433 1276 5513 cogant.

1814 450 2444 521 SENTENTIARUM
2483 451 2631 520 LlB.
2678 453 2788 521 111.

2419 595 2482 653 1.
2527 590 2626 655 Ad
2666 589 2823 656 illud
2854 592 3028 674 quod
3073 593 3406 676 oincitur,
3453 598 3622 679 quod
3666 600 3878 668 divina

2339 700 2571 763 natura
2608 703 2705 763 est
2748 698 3109 780 incarnata,
3151 704 3306 781 etc.,
3349 702 3686 770 dicendum
3714 707 3879 792 quod

2341 822 2472 868 non
2496 808 2593 869 est
2617 806 2859 888 simile,
2886 807 3049 872 sicut
3068 809 3211 890 jam
3239 810 3453 875 visum
3481 814 3595 876 est.

2422 916 2484 975 2.
2527 912 2624 977 Ad
2652 913 2810 978 illud
2848 915 3021 997 quod
3060 916 3400 999 objicitur,
3432 919 3605 1000 quod
3633 924 3883 1004 propter

2342 1017 2649 1083 humanae
2683 1023 2933 1085 naturae
2964 1024 3469 1106 assumptionem
3506 1025 3627 1089 ista
3665 1045 3884 1093 conce-

2342 1127 2516 1192 ditur
2548 1150 2563 1191 :
2613 1129 2883 1196 Verbum
2925 1136 3019 1197 est
3053 1132 3299 1211 factum
3335 1149 3507 1211 care,
3554 1134 3883 1200 dicendum

2343 1235 2513 1317 quod
2548 1254 2682 1300 non
2709 1240 2803 1301 est
2829 1237 3070 1317 simile,
3115 1239 3271 1321 quia
3296 1239 3581 1305 Verbum
3609 1240 3760 1306 dicit
3790 1243 3884 1326 ip-

2343 1360 2481 1405 sam
2508 1342 2900 1426 hypostasim
2921 1393 2939 1424 ,
2984 1345 3089 1408 cui
3120 1345 3416 1411 innititur
3442 1348 3581 1430 ipsa
3607 1330 3886 1413 humana

2347 1453 2600 1529 natura,
2640 1455 2704 1514 et
2728 1470 2926 1534 quam
2948 1451 3141 1517 habet
3177 1453 3612 1520 denominare.
3653 1454 3731 1520 Et
3753 1455 3887 1521 ideo

2345 1575 2478 1621 non
2504 1558 2801 1639 signatur
2826 1576 2910 1623 ex
2938 1559 3060 1623 hoc
3087 1560 3307 1643 aliqua
3333 1565 3716 1628 naturarum
3745 1583 3883 1629 mu-

2344 1664 2523 1740 tatio,
2545 1664 2648 1729 vel
2668 1665 2973 1746 confusio,
2996 1666 3105 1731 sed
3124 1667 3335 1731 solum
3348 1668 3540 1733 Verbi
3560 1670 3640 1735 ad
3667 1670 3887 1735 huma·

2346 1788 2499 1835 nam
2527 1775 2826 1837 naturam
2854 1773 3287 1840 denominatio
3300 1824 3318 1853 ,
3346 1780 3420 1841 ut
3462 1777 3711 1842 dicatur
3735 1776 3884 1843 Ver-

2347 1879 2506 1943 bum
2547 1899 2683 1945 esse
2725 1881 2943 1945 homo.
2998 1880 3143 1946 Non
3189 1883 3277 1947 sic
3328 1888 3552 1949 autem
3600 1889 3695 1950 est
3744 1904 3884 1950 cum

2348 1985 2578 2051 dicitur
2606 2010 2621 2051 :
2679 2009 2712 2048 α
2758 1987 2984 2052 Divina
3023 1993 3255 2053 natura
3296 1995 3391 2053 est
3430 1990 3598 2056 facta
3638 2010 3813 2069 caro,
3852 2013 3883 2051 n

2349 2096 2501 2176 quia
2539 2114 2690 2159 cum
2734 2096 2873 2160 istae
2915 2101 3168 2161 naturae
3214 2098 3342 2162 sint
3387 2099 3701 2165 distinctae
3720 2149 3737 2180 ,
3779 2119 3889 2165 nec

2350 2220 2485 2267 una
2524 2203 2717 2267 habet
2747 2203 2830 2267 ab
2869 2204 3067 2268 altera
3106 2205 3548 2287 denominari,
3607 2208 3890 2290 quamvis

2348 2308 2583 2373 habeat
2616 2310 2799 2374 alteri
2845 2311 3050 2391 uniri,
3092 2312 3302 2394 magis
3338 2332 3377 2377 a
3412 2315 3794 2398 proprietate
3832 2316 3892 2378 et

2350 2417 2618 2482 veritate
2645 2417 2947 2499 praedicta
2976 2419 3212 2484 locutio
3238 2420 3500 2486 recedit.

2431 2528 2491 2586 3.
2526 2524 2621 2588 Ad
2653 2524 2808 2588 illud
2845 2525 3016 2608 quod
3046 2526 3382 2609 objicitur,
3414 2529 3588 2611 quod
3620 2527 3890 2594 Verbum

2351 2630 2490 2694 fleri
2526 2648 2784 2696 carnem
2822 2650 2957 2696 non
2999 2637 3095 2696 est
3132 2633 3307 2698 aliud
3324 2682 3343 2714 ‚
3382 2652 3586 2716 quam
3618 2633 3887 2700 Verbum

2353 2739 2492 2801 fleri
2522 2739 2884 2819 bominem,
2921 2740 3263 2805 dicendum
3297 2741 3472 2825 quod
3516 2761 3744 2808 verum
3778 2746 3883 2806 θεῖ.

2351 2844 2430 2910 Εῖ
2454 2847 2764 2929 quoniam
2793 2847 2916 2911 ista
2940 2852 3038 2911 est
3059 2865 3214 2913 vera
3243 2852 3308 2913 et
3337 2848 3633 2931 propria:
3677 2870 3708 2909 a
3734 2846 3887 2912 Ver-

2351 2953 2510 3018 bum
2532 2955 2891 3019 estfactum
2929 2954 3156 3033 homo;
3203 2978 3236 3015 n
3263 2956 3616 3037 figurativa
3640 2953 3884 3032 locutio,

2352 3079 2500 3143 quae
2538 3062 2610 3125 in
2640 3078 2781 3125 eam
2816 3062 3186 3127 immediate
3226 3061 3606 3142 resolvitur,
3637 3079 3766 3126 non
3803 3063 3891 3124 est

2352 3168 2461 3233 via
2485 3169 2755 3234 ducendi
2784 3169 2854 3235 in
2895 3188 3177 3235 errorem
3194 3218 3214 3249 ,
3249 3171 3385 3236 imo
3410 3170 3673 3235 concedi
3701 3170 3892 3253 potest

2352 3276 2504 3340 satis
2529 3276 2875 3343 catholice:
2913 3277 3053 3341 haec
3079 3281 3293 3341 autem
3321 3299 3336 3343 :
3374 3300 3406 3338 α
3432 3276 3665 3343 Divina
3689 3293 3892 3341 essen-

2353 3386 2443 3450 tia
2483 3386 2647 3450 facta
2674 3391 2771 3451 est
2803 3384 3000 3450 homo
3018 3434 3036 3465 ,
3079 3407 3112 3446 ι)
3146 3385 3446 3469 quamvis
3486 3404 3621 3451 non
3652 3385 3733 3449 sit
3763 3400 3893 3448 om-

2354 3493 2508 3557 nino
2554 3492 2741 3572 falsa,
2788 3493 2941 3576 quia
2985 3493 3345 3577 hypostasis
3392 3493 3777 3576 praedicatur
3820 3490 3892 3555 de

2354 3600 2577 3665 divina
2618 3604 2851 3665 natura
2889 3618 3005 3683 per
3041 3600 3469 3681 identitatem3
3521 3619 3652 3666 non
3690 3605 3892 3665 tamen

2356 3716 2450 3775 est
2475 3712 2633 3776 adeo
2655 3713 2933 3795 propria,
2962 3713 3129 3778 sicut
3159 3713 3316 3778 ista:
3353 3736 3383 3772 α
3410 3712 3611 3777 Filius
3641 3711 3747 3776 Dei
3770 3711 3892 3773 fac·-

2355 3823 2462 3883 tus
2482 3825 2574 3883 est
2600 3819 2796 3883 homo
2820 3842 2834 3883 :
2865 3843 2895 3879 υ
2923 3820 3055 3884 imo
3079 3820 3357 3883 nimium
3379 3823 3479 3884 est
3503 3816 3886 3903 expressiva:

2359 3930 2423 3991 et
2439 3932 2773 4010 propterea
2798 3927 3035 3992 locutio
3064 3926 3439 4008 figurativa,
3460 3927 3531 3991 in
3557 3945 3686 4009 qua
3711 3923 3891 3988 sumi-

2358 4040 2466 4099 tur
2503 4052 2618 4116 per
2641 4035 3078 4117 synecdochen
3109 4053 3258 4100 caro
3296 4051 3413 4117 pro
3458 4037 3593 4099 toto
3619 4032 3886 4110 homine,

2358 4141 2727 4224 simpliciter
2765 4143 3089 4226 respuitur
3111 4190 3131 4221 ,
3190 4161 3305 4225 pro
3348 4160 3426 4207 eo
3477 4141 3648 4225 quod
3694 4138 3890 4221 magis

2358 4249 2596 4314 recedit
2622 4269 2662 4314 a
2688 4249 2998 4314 sermonis
3021 4249 3430 4332 proprietate,
3453 4253 3517 4314 et
3544 4250 3625 4314 ab
3653 4263 3890 4331 expres·

2358 4357 2537 4421 sione
2597 4357 2887 4422 veritatis
2901 4405 2922 4436 ,
2979 4361 3042 4421 et
3103 4356 3512 4440 approximat
3560 4352 3890 4421 intellectui

2360 4464 2592 4528 erroris
2618 4486 2632 4528 ε
2657 4482 2790 4548 qua
2814 4464 2892 4529 de
2918 4482 3110 4529 causa
3134 4464 3359 4530 multae
3383 4468 3707 4547 negantur
3730 4462 3892 4526 loeu-

2361 4574 2566 4637 tiones
2594 4591 2635 4637 a
2658 4572 3020 4639 doctoribus
3057 4571 3401 4654 theologiae
3418 4620 3436 4651 ,
3470 4589 3553 4637 ne
3587 4566 3889 4654 paralogi-

2361 4687 2585 4747 zentur
2605 4686 2670 4746 et
2694 4679 3094 4763 decipiantur
3112 4679 3454 4762 simplices,
3476 4677 3591 4762 qui
3617 4674 3892 4742 nesciunt

2362 4791 2826 4857 vocabulorum
2854 4789 3147 4854 virtutes.

2825 5029 3310 5103 ARTICULUS
3356 5029 3441 5099 11.

2448 5213 2918 5295 Consequenter
2944 5211 3261 5294 quoeritnr
3289 5208 3371 5274 de
3407 5205 3688 5274 secundo
3720 5200 3891 5287 pri-n·-

2368 5321 2558 5408 eipali
2572 5370 2591 5402 ‚
2639 5319 2931 5386 videlicet
2979 5319 3057 5386 de
3110 5314 3545 5401 assumptione
3592 5331 3676 5379 ex
3725 5308 3887 5393 parte

2370 5427 2712 5513 assumpti;
2740 5433 2807 5494 et
2827 5428 2995 5494 circa
3017 5427 3141 5493 hoc
3163 5427 3551 5509 quaeruntur
3574 5419 3885 5505 quinque:
