4185 6288
455 838 666 887 runem.

694 510 817 572 264

694 639 869 726 quod
888 638 958 703 in
984 634 1185 722 ipsius
1214 627 1652 712 assumptione
1674 625 1747 689 in
1765 622 1947 689 nullo
1958 620 2235 698 deroga-

696 751 876 814 retur
901 741 1291 810 excellentiae
1315 737 1518 828 ipsius
1546 732 1683 798 Filii
1705 729 1835 796 Dei.

775 852 898 919 Sed
933 853 1200 916 contra:
1239 845 1385 911 Non
1425 843 1634 908 decuit
1667 839 1869 904 Deum
1920 834 2125 897 facere
2167 831 2242 892 ut

697 959 929 1044 aliquis
940 958 1019 1023 de
1038 955 1281 1021 malitia
1293 971 1413 1018 sua
1423 949 1774 1034 reportaret
1786 940 2196 1008 commodum
2221 957 2235 999 :

696 1067 806 1133 sed
857 1066 909 1130 si
940 1064 1147 1131 Adam
1200 1064 1459 1145 propter
1509 1053 1978 1140 reparationem
2006 1045 2242 1130 {facien-

696 1176 848 1242 dam
922 1174 1002 1238 de
1051 1171 1239 1255 culpa
1304 1165 1642 1233 commissa
1703 1159 2138 1227 assumeretur
2204 1170 2245 1215 a

700 1281 929 1361 Verbo,
1001 1279 1352 1362 reportaret
1396 1271 1716 1339 ineffabile
1757 1264 2169 1333 commodum
2223 1282 2237 1322 ε

702 1406 861 1470 ergo
892 1388 1016 1452 hoc
1042 1389 1205 1450 esset
1250 1385 1472 1448 contra
1516 1379 1808 1445 divinam
1846 1371 2171 1457 ,iustitiam
2219 1388 2236 1429 ε

702 1497 812 1562 sed
835 1496 961 1559 hoc
977 1511 1110 1559 non
1138 1493 1314 1558 decet
1336 1489 1536 1554 Deum
1564 1510 1579 1551 ε
1603 1502 1785 1568 ergo,
1825 1486 1943 1547 etc.

782 1603 940 1669 Item
958 1597 1334 1666 talisdebuit
1358 1595 1734 1672 satisfacere,
1754 1590 1867 1673 qui
1886 1586 2129 1652 nullius
2143 1601 2241 1648 es-

703 1715 799 1777 set
824 1710 1067 1777 debitor
1080 1725 1308 1792 poenae,
1331 1705 1494 1770 sicut
1505 1702 1654 1766 dicit
1670 1697 2009 1764 Anselmus
2031 1701 2077 1774 ¹,
2096 1692 2248 1777 quia

704 1818 1042 1885 satisfactio
1069 1818 1166 1880 est
1208 1831 1358 1878 cum
1388 1812 1462 1874 fit
1501 1826 1664 1893 opus
1686 1807 1841 1872 alias
1866 1802 2244 1879 indebitum,

705 1929 873 1995 sicut
923 1927 1155 1993 dicitur
1206 1923 1276 1987 in
1300 1922 1465 1986 libro
1510 1918 1589 1985 de
1615 1917 1854 2000 requlis
1900 1911 2062 1994 fidei
2087 1933 2115 1976 .·
2139 1910 2249 1975 sed

710 2038 913 2103 Adam
971 2034 1091 2099 fuit
1129 2048 1340 2116 poenae
1393 2027 1639 2094 debitor
1691 2032 1943 2109 propter
1992 2020 2250 2102 culpam

708 2161 906 2228 quam
938 2140 1257 2207 commisit
1286 2163 1301 2204 ε
1334 2155 1497 2219 ergo
1520 2133 1887 2199 nullatenus
1916 2127 2128 2194 decuit
2148 2126 2246 2209 ip-

709 2270 855 2318 sum
882 2250 962 2315 ad
989 2246 1504 2314 satisfaciendum
1522 2241 1784 2309 assumi.

788 2358 971 2438 Item,
1001 2354 1310 2440 quidquid
1334 2354 1417 2418 sit
1437 2353 1517 2417 de
1558 2350 1718 2429 aliis,
1754 2352 1969 2412 tamen
1997 2362 2133 2410 esse
2150 2344 2252 2410 vel

706 2467 836 2534 dici
902 2468 1295 2550 peccatorem
1355 2478 1507 2528 vere
1572 2457 1753 2523 nullo
1819 2454 2010 2519 modo
2075 2453 2255 2518 decet

708 2575 910 2640 Deum
949 2595 965 2638 ε
1012 2572 1122 2638 sed
1154 2571 1263 2636 illa
1292 2568 1451 2634 unio
1486 2564 2049 2636 facit,idiomatum
2077 2578 2252 2624 com-

712 2681 1215 2747 municationem
1272 2700 1288 2743 ε
1325 2694 1482 2759 ergo
1531 2676 1585 2740 si
1629 2674 1834 2739 Adam
1889 2672 2257 2773 assumptus

712 2789 934 2856 fuisset
962 2807 1001 2853 a
1025 2788 1136 2854 Dei
1150 2786 1337 2866 Filio,
1367 2785 1568 2850 Filius
1592 2782 1701 2847 Dei
1728 2784 1892 2845 esset
1918 2783 1982 2844 et
2008 2778 2255 2842 dicere-

710 2903 818 2962 tur
863 2914 1013 2961 vere
1053 2897 1344 2979 peccator
1380 2914 1396 2958 t
1441 2891 1495 2956 si
1519 2909 1676 2973 ergo
1702 2889 1826 2954 hoc
1853 2886 2034 2951 nullo
2065 2883 2256 2949 modo

707 3005 906 3083 decet,
934 3003 1211 3082 videtur,
1240 3005 1360 3066 etc.

791 3111 975 3189 Item,
1034 3111 1091 3175 si
1145 3109 1311 3175 Deus
1341 3107 1546 3173 Adam
1595 3105 2057 3188 assumpsisset,
2106 3120 2258 3167 cum

715 3220 879 3285 Deus
895 3217 1272 3284 decrevisset
1296 3234 1506 3299 genus
1549 3216 1913 3279 humanum
1943 3230 2028 3276 ex
2053 3211 2259 3276 Adam

716 3345 1074 3411 propagare
1096 3328 1322 3409 juncta
1355 3323 1475 3387 sibi
1515 3321 1671 3401 Eva,
1702 3338 1861 3402 ergo
1901 3322 2014 3383 aut
2050 3318 2260 3382 decre-

715 3441 856 3502 tum
907 3452 1126 3510 suum,
1177 3432 1312 3498 sive
1361 3430 1702 3514 dispositio,
1723 3431 1870 3510 {non
1900 3425 2256 3503 mansisset,

719 3547 829 3609 aut
857 3541 1145 3608 Christus
1192 3559 1272 3606 ex
1316 3538 1770 3605 commixtione
1819 3554 1970 3601 cum
2018 3534 2259 3599 semina

724 3654 1088 3735 generasset
1118 3672 1132 3712 :
1168 3648 1275 3713 sed
1302 3652 1652 3730 utrumque
1666 3649 1762 3711 est
1788 3646 2052 3709 omnino
2078 3644 2261 3707 inde-

724 3778 875 3825 cens
906 3782 920 3823 :
947 3775 1106 3841 ergo
1127 3756 1392 3823 omnino
1416 3755 1712 3820 indecens
1731 3753 1853 3818 fuit
1883 3752 1988 3818 Dei
2030 3752 2262 3817 Filium

724 3883 1048 3932 assumere
1068 3864 1403 3930 hominem
1428 3863 1733 3946 primum.

1277 4070 1731 4140 CONCLUSIO.

727 4238 848 4298 Non
868 4238 986 4307 tuit
1012 4250 1303 4308 conquam
1330 4234 1577 4291 creatori
1588 4274 1607 4305 ‚
1640 4248 1806 4305 neque
1825 4234 2008 4305 primo
2034 4232 2262 4304 homini,

796 4342 891 4384 nec
918 4327 1151 4384 humano
1186 4326 1370 4396 ρεπεν-ι’
1396 4322 1720 4395 expediebat
1741 4323 1946 4378 Filium
1982 4323 2082 4378 Dei
2110 4336 2261 4378 assu-

794 4430 934 4475 mere
956 4417 1196 4489 primum
1221 4415 1485 4471 hominem
1511 4412 1712 4469 Adam.

804 4581 991 4665 Resp.
1037 4580 1118 4645 ad
1145 4596 1288 4661 arg.
1319 4577 1667 4643 Dicendum
1693 4576 1862 4658 quod
1886 4576 2125 4660 absque
2150 4576 2267 4643 du·

725 4689 831 4755 bio
883 4707 1019 4754 non
1063 4687 1154 4752 sic
1174 4685 1383 4753 decuit
1416 4685 1528 4750 Dei
1556 4684 1789 4749 Filium
1816 4701 2141 4750 assumere
2173 4686 2266 4769 ip-

724 4814 874 4862 sum
924 4796 1153 4875 Adam,
1199 4794 1366 4859 sicut
1409 4792 1695 4876 aliquam
1733 4791 1924 4856 aliam
1976 4793 2267 4859 substan-

723 4905 881 4971 tiam
923 4903 1210 4987 ejusdem
1254 4900 1531 4983 generis,
1577 4901 1743 4965 sicut
1791 4904 1962 4984 patet
2000 4919 2083 4966 ex
2127 4903 2266 4985 ipso

723 5029 913 5096 opere
950 5011 1193 5079 divino.
1238 5009 1316 5074 Et
1351 5009 1517 5074 ratio
1550 5008 1752 5092 hujus
1785 5012 1912 5088 est,
1958 5009 2112 5091 quia
2131 5030 2266 5079 non

723 5118 1145 5186 conveniebat
1160 5116 1456 5183 omnium
1474 5115 1773 5195 Creatori,
1789 5134 1909 5180 nec
1929 5119 2267 5185 convenie-

721 5226 832 5291 bat
859 5225 1069 5309 primo
1118 5224 1400 5304 homini,
1433 5242 1552 5289 nec
1576 5223 1951 5307 expediebat
1975 5225 2263 5292 humano

722 5333 969 5417 generi.
1018 5331 1298 5398 Creatori
1331 5332 1504 5397 enim
1555 5349 1688 5397 non
1742 5333 2137 5416 competebat
2190 5338 2265 5399 ut

786 5460 803 5494 ¹
840 5457 1085 5519 Anselm„
1105 5458 1208 5508 Cur
1233 5457 1360 5507 Deus
1386 5456 1556 5516 homo,
1586 5456 1673 5507 lib.
1702 5459 1767 5520 11,
1795 5472 1840 5508 c.
1872 5470 1989 5509 vm.

1822 473 2452 553 SENTENTIARUM
2493 472 2643 539 Lm.
2682 471 2790 537 111.

2351 625 2624 694 persona
2671 607 2781 673 Dei
2832 601 3163 672 hominem
3206 613 3559 674 assumeret
3601 613 3900 693 peccato-

2349 735 2513 796 rem,
2545 733 2695 782 cum
2737 715 2873 798 ipse
2930 716 3001 779 in
3044 716 3254 780 forma
3290 721 3617 800 assumpta
3646 718 3904 782 deberet

2350 826 2707 908 peccatores
2729 826 2991 888 caeteros
3003 823 3312 904 judicare,
3333 828 3397 887 et
3422 824 3512 888 ita
3535 823 3904 889 nullatenus

2351 931 2430 995 de
2446 933 2701 1014 peccato
2727 929 2916 1012 argui
2942 948 3146 1013 posse,
3168 930 3304 995 sive
3330 930 3684 995 secundum
3709 934 3905 995 natu-

2351 1058 2496 1105 ram
2540 1043 2972 1103 assumentem
2990 1088 3008 1118 ,
3044 1039 3181 1103 sive
3220 1038 3576 1103 secundum
3605 1043 3905 1103 naturam

2353 1151 2744 1230 assumptam
2764 1196 2782 1226 ,
2825 1148 3180 1213 secundum
3224 1165 3504 1230 quarum
3564 1152 3905 1231 utramque

2354 1256 2750 1338 competebat
2776 1256 2835 1320 ei
2860 1259 3135 1339 potestas
3153 1255 3514 1338 judiciaria.
3546 1253 3765 1319 Primo
3780 1257 3907 1320 ho-

2355 1363 2519 1427 mini
2544 1380 2676 1427 non
2704 1363 3145 1442 conveniebat,
3176 1367 3251 1427 ut
3277 1361 3383 1426 ille
3418 1362 3530 1445 qui
3558 1366 3809 1427 tantum
3840 1382 3910 1428 se

2355 1470 2668 1552 dejecerat
2716 1488 2831 1553 per
2875 1470 3152 1554 culpam,
3195 1474 3447 1535 tantum
3491 1470 3906 1549 exaltaretur,

2358 1580 2432 1640 ut
2457 1576 2623 1640 Deus
2643 1578 2830 1641 esset.
2860 1575 3224 1641 Sufficiebat
3250 1595 3528 1659 namque
3554 1577 3758 1641 sibiet
3789 1596 3906 1642 ex-

2358 1683 2636 1760 cedebat,
2678 1686 2753 1746 ut
2780 1682 3005 1746 saltem
3046 1683 3106 1747 ei
3151 1682 3317 1747 Deus
3360 1683 3907 1764 reconciliaretur,

2358 1809 2492 1855 non
2518 1791 2690 1873 quod
2716 1789 2822 1854 ille
2845 1790 3013 1855 Deus
3033 1791 3411 1856 efficeretur.
3450 1790 3657 1855 Etiam
3682 1791 3912 1872 generi

2359 1897 2647 1962 humano
2673 1898 3243 1980 non-expediebat:
3278 1898 3430 1981 quia
3460 1915 3610 1962 cum
3639 1897 3745 1962 ille
3784 1899 3910 1962 ho—

2360 2020 2469 2068 mo
2490 2008 2653 2068 esset
2675 2021 2886 2087 poenae
2906 2004 3151 2069 debitor
3170 2051 3191 2082 ,
3231 2008 3452 2087 utpote
3477 2003 3585 2069 ille
3608 2005 3718 2088 qui
3759 2024 3916 2071 reus

2360 2113 2499 2174 erat
2522 2110 2820 2175 omnium
2849 2112 3214 2177 animarum
3242 2117 3633 2190 nostrarum,
3662 2127 3799 2177 non
3812 2131 3915 2178 es-

2361 2220 2457 2280 set
2469 2218 2612 2299 ejus
2633 2219 2843 2300 passio
2878 2219 3036 2284 adeo
3064 2218 3185 2284 Deo
3199 2224 3407 2302 grata,
3431 2220 3595 2284 sicut
3620 2220 3673 2283 si
3698 2221 3917 2284 omni-

2361 2341 2449 2389 no
2471 2329 2635 2389 esset
2659 2325 3003 2404 innocens;
3036 2331 3100 2392 et
3124 2327 3240 2392 vix
3267 2327 3465 2391 etiam
3493 2327 3818 2393 sufficeret
3834 2327 3917 2393 ad

2363 2431 2875 2497 satisfaciendum
2915 2451 3030 2516 pro
3064 2452 3154 2513 se,
3189 2453 3307 2498 nec
3349 2438 3504 2499 tunc
3535 2438 3745 2517 posset
3771 2435 3917 2500 aliis

2362 2538 2846 2604 satisfactionem
2910 2558 3095 2605 suam
3135 2541 3628 2606 communicare.
3685 2541 3918 2607 Conce-

2364 2644 2590 2709 dendae
2634 2662 2793 2727 ergo
2839 2651 2991 2710 sunt
3026 2647 3302 2712 rationes
3358 2647 3696 2730 probantes
3737 2648 3918 2730 quod

2365 2770 2499 2816 non
2526 2752 2741 2818 decuit
2760 2753 2998 2818 Filium
3028 2772 3353 2820 assumere
3379 2755 3663 2838 primum
3706 2755 3920 2820 homi-

2363 2877 2537 2925 nem.
2928 2849 2929 2852 ¹

2446 2972 2478 3029 1
2491 3013 2506 3029 .
2540 2967 2638 3033 Ad
2661 2968 2815 3034 illud
2844 2987 3003 3051 ergo
3044 2972 3219 3053 quod
3264 2971 3464 3054 primo
3502 2971 3807 3053 objicitur
3848 2972 3916 3037 in

2367 3077 2782 3158 contrarium,
2814 3078 2983 3161 quod
3012 3079 3089 3142 de
3118 3096 3354 3161 genere
3373 3079 3664 3143 humano
3692 3078 3920 3144 debuit

2366 3184 2719 3248 satisfacere
2736 3234 2754 3264 ,
2797 3185 3135 3250 dicendum
3181 3186 3368 3269 quod*
3387 3204 3523 3250 non
3543 3190 3639 3251 eet
3663 3188 3912 3266 simile;

2368 3292 2522 3373 quia
2549 3292 2754 3374 potuit
2777 3293 3005 3376 aliquis
3029 3311 3166 3357 esse
3184 3294 3262 3358 de
3287 3312 3526 3375 genere
3539 3294 3915 3373 hominum,

2368 3399 2484 3480 qui
2513 3400 3014 3464 communicaret
3037 3419 3187 3465 cum
3217 3400 3588 3465 hominibus
3614 3402 3682 3466 in
3720 3407 3919 3467 natu-

2368 3523 2462 3582 ra,
2488 3510 2553 3570 et
2579 3524 2712 3572 non
2738 3508 3240 3572 communicaret
3281 3509 3351 3571 in
3395 3509 3621 3591 culpa:
3659 3528 3798 3575 non
3831 3511 3923 3574 sic

2369 3616 2587 3679 autem
2616 3614 2695 3679 de
2722 3614 2952 3694 Adam,
2985 3615 3138 3697 quia
3175 3633 3260 3678 ex
3294 3633 3424 3697 quo
3465 3617 3778 3698 peccavit,
3809 3636 3921 3682 ne-

2371 3722 2719 3786 cessarium
2753 3722 2873 3785 fuit
2918 3722 3134 3804 ipsum
3170 3739 3487 3805 peccasse;
3520 3728 3584 3788 et
3626 3724 3680 3788 si
3717 3723 3921 3790 Filius

2371 3829 2484 3893 Dei
2507 3830 2723 3912 ipsum
2745 3829 3211 3912 assumpsisset,
3240 3848 3415 3909 eum,
3444 3831 3559 3913 qui
3580 3849 3788 3913 poenae
3813 3833 3922 3899 de-

2369 3937 2538 4001 bitor
2581 3939 2738 4015 erat,
2785 3937 3227 4018 assumpsisset
3274 3960 3291 4000 :
3324 3936 3467 4001 ideo
3511 3956 3645 4003 non
3693 3946 3795 4003 oet
3837 3941 3924 4004 si·
4008 3938 4015 3943 ’

2371 4044 2545 4108 mile.

2451 4156 2512 4215 2.
2547 4150 2646 4215 Ad
2694 4150 2852 4216 illud
2891 4152 3063 4235 quod
3107 4150 3425 4234 objicitur,
3450 4152 3621 4234 quod
3663 4155 3924 4220 nullum

2378 4259 2585 4341 magis
2612 4259 2790 4324 decet
2809 4258 3049 4340 puniri,
3082 4275 3283 4339 quam
3309 4277 3460 4322 eum
3477 4260 3589 4342 qui
3614 4262 3921 4342 peccavit,

2376 4366 2718 4432 dicendum
2749 4365 2923 4448 quod
2950 4382 3179 4429 verum
3229 4369 3325 4429 est
3363 4365 3442 4430 de
3473 4384 3662 4449 poena
3686 4368 3927 4433 divinae

2374 4464 2673 4553 ultionis3
2704 4473 2812 4538 sed
2833 4490 2969 4537 non
2988 4476 3083 4536 est
3115 4490 3344 4537 verum
3366 4472 3445 4537 de
3472 4492 3661 4557 poena
3685 4475 3928 4541 divinae

2374 4580 2764 4665 placationis.
2796 4577 2999 4660 Magis
3024 4578 3199 4642 enim
3239 4579 3406 4644 Deus
3438 4572 3675 4663 placari
3716 4585 3929 4665 potuit

2375 4708 2490 4772 per
2509 4705 2765 4772 poenam
2790 4687 3147 4751 innocentis
3163 4733 3181 4763 ,
3203 4705 3399 4769 quam
3413 4707 3526 4770 per
3550 4706 3813 4771 poenam
3826 4693 3923 4757 rei

2376 4801 2451 4862 et
2464 4796 2723 4880 inJusti3
2753 4799 2818 4859 et
2838 4794 3049 4858 taliter
3089 4795 3354 4876 punitus
3379 4799 3475 4859 est
3501 4795 3787 4861 Christus
3804 4817 3922 4881 pro

2373 4904 2643 4988 peccatis
2668 4901 2927 4967 nostris.
2950 4899 3203 4965 Nullius
3229 4901 3402 4964 enim
3430 4901 3693 4967 alterius
3725 4923 3920 4986 poena

2372 5015 2765 5096 poteratesse
2791 5007 3111 5073 sufficiens
3131 5008 3439 5073 meritum
3451 5010 3913 5091 satisfactionis,

2372 5118 2670 5202 quamvis
2688 5120 2852 5182 esset
2875 5132 3139 5199 aequum
3165 5114 3665 5197 instrumentum
3679 5118 3915 5183 divinae

2370 5226 2653 5293 ultionis.

2450 5338 2511 5400 3.
2542 5333 2641 5398 Ad
2664 5333 2823 5398 illud
2850 5331 3021 5415 quod
3052 5329 3353 5415 objicitur
3371 5376 3389 5409 ,
3420 5331 3593 5414 quod
3619 5332 3698 5398 de
3723 5350 3918 5397 cura-

2368 5441 2541 5507 tione
2568 5440 2776 5506 morbi
2802 5439 2876 5505 in
2913 5437 3145 5519 radice,
3188 5440 3336 5519 etc„
3373 5437 3712 5505 dicendum
3736 5439 3910 5521 quod
