4185 6288
792 561 872 623 {8

788 698 893 758 tus
929 693 1216 777 peccavit
1233 742 1250 772 ,
1281 692 1402 755 sibi
1444 688 1849 755 reconciliare
1881 708 1896 750 z
1929 685 2038 749 sed
2083 683 2197 748 ubi
2233 685 2330 747 est

787 802 1171 867 conveniens
1219 798 1682 877 reconciliatio,
1727 796 1813 859 ibi
1858 792 2154 858 convenit
2191 808 2328 854 esse

758 899 1325 972 ‘reconciliatorem
1369 910 1433 971 et
1480 905 1895 969 mediatorem
1948 924 1961 964 :
2018 898 2328 962 mediator

784 1021 999 1079 autem
1018 1015 1373 1078 debetcum
1398 999 1671 1094 utroque
1690 1016 2126 1074 extremorum
2155 1023 2328 1069 com-

756 1102 1111 1184 ‘municare
1151 1139 1167 1183 ε
1210 1119 1405 1183 homo
1452 1124 1666 1181 autem
1721 1135 1858 1179 non
1913 1119 2008 1179 est
2054 1113 2178 1176 nisi
2213 1129 2329 1196 per

782 1228 1089 1291 unionem
1121 1226 1355 1289 divinae
1377 1230 1627 1290 naturae
1649 1228 1711 1288 et
1742 1224 2049 1286 humanae
2084 1220 2155 1284 in
2182 1219 2328 1284 uni-

745 1318 755 1401 s
781 1339 909 1397 tate
952 1351 1242 1415 personae
1279 1351 1296 1396 ε
1342 1350 1498 1413 ergo
1536 1330 1793 1394 videtur
1819 1328 1992 1411 quod
2020 1346 2184 1410 opus
2224 1328 2329 1389 in-

560 1689 632 1735 Ad
649 1702 755 1745 opp.

782 1439 1163 1505 carnationis
1207 1438 1492 1503 maxime
1537 1452 1904 1518 congruum
1945 1434 2063 1497 fuit
2110 1433 2326 1515 pietati

781 1547 1040 1612 divinae.

862 1654 984 1719 Sed
1016 1656 1234 1717 contra
1265 1673 1280 1715 ε
1315 1657 1373 1714 1.
1407 1649 1579 1714 Nihil
1605 1649 1775 1732 quod
1805 1650 2042 1732 spectat
2070 1648 2152 1712 ad
2182 1665 2328 1712 con·

783 1761 1197 1844 temptionem
1225 1763 1288 1824 et
1312 1759 1733 1842 abjectionem
1752 1805 1768 1834 ,
1800 1758 1977 1821 decet
2003 1774 2326 1821 summam

781 1871 1176 1950 majestatem
1205 1890 1219 1928 t
1251 1866 1359 1930 sed
1391 1884 1649 1930 carnem
1678 1882 2030 1941 assumere,
2058 1880 2206 1946 quae
2233 1865 2329 1926 est

781 1975 859 2039 de
887 1975 1042 2038 limo
1071 1974 1364 2052 formata,
1395 1973 1545 2037 dicit
1573 1971 2145 2053 contemptionem:
2169 1987 2326 2051 ergo

778 2081 1033 2146 videtur
1060 2080 1231 2163 quod
1257 2080 1381 2144 hoc
1404 2079 1584 2144 nullo
1610 2080 1800 2144 modo
1828 2079 2045 2144 deceat
2063 2077 2175 2142 Dei
2200 2096 2329 2141 ma-

772 2191 1090 2271 jestatem.

858 2300 919 2360 2.
966 2296 1123 2360 Item
1164 2296 1324 2359 sicut
1357 2293 1794 2377 vituperabilis
1831 2296 1925 2357 est
1964 2292 2167 2355 nimia
2198 2291 2326 2355 ela-

780 2404 901 2480 tio,
937 2405 1027 2466 ita
1053 2402 1493 2484 vituperabilis
1519 2407 1615 2465 est
1646 2401 1848 2464 nimia
1874 2400 2140 2483 dejectio
2171 2423 2186 2463 :
2220 2400 2329 2465 sed

778 2515 953 2575 tanta
976 2517 1068 2573 est
1094 2511 1358 2593 dejectio
1382 2529 1531 2573 cum
1556 2509 1721 2573 Deus
1750 2510 1823 2572 fit
1846 2508 2061 2587 hom0,
2090 2511 2328 2589 quanta

778 2624 871 2682 est
912 2617 1099 2682 elatio
1143 2637 1291 2681 cum
1335 2622 1623 2681 creatura
1664 2616 1903 2700 appetit
1943 2634 2077 2680 esse
2106 2614 2272 2679 Deus
2306 2633 2323 2678 ε

779 2746 935 2808 ergo
959 2727 1049 2790 ita
1069 2724 1509 2807 vituperabilis
1533 2728 1628 2787 est
1648 2742 1800 2803 una,
1823 2722 1985 2786 sicut
2004 2724 2069 2786 et
2089 2722 2317 2785 altera:

780 2836 835 2897 si
887 2851 1042 2914 ergo
1096 2832 1258 2896 nihil
1313 2831 1486 2914 quod
1534 2837 1627 2896 est
1676 2829 2098 2914 vituperabile
2151 2830 2331 2893 decet

782 2939 1017 3018 Deum,
1056 2942 1257 3021 patet,
1289 2943 1406 3003 etc.

866 3050 926 3110 3.
977 3045 1132 3109 ltem
1160 3045 1338 3108 nullo
1366 3044 1557 3108 modo
1588 3044 1763 3108 decet
1788 3044 2327 3128 sapientissimum

720 3142 725 3146 Δ
785 3154 1174 3218 conditorem
1234 3153 1436 3216 facere
1490 3151 1773 3234 aliquam
1830 3171 1969 3216 rem
2023 3154 2328 3218 excedere

785 3264 1121 3340 terminOS,
1148 3280 1310 3345 quos
1341 3261 1458 3325 sibi
1486 3265 1789 3326 statuerat
1832 3281 1945 3345 per
1973 3269 2273 3327 naturam
2307 3286 2322 3328 :

783 3388 941 3451 ergo
971 3388 1119 3432 cum
1160 3369 1373 3432 omnis
1403 3373 1728 3446 creatura,
1759 3373 2079 3451 quantum
2121 3373 2215 3435 est
2250 3371 2328 3434 de

784 3483 1015 3540 natura
1041 3476 1373 3539 creationis
1391 3524 1408 3554 ,
1440 3494 1693 3557 semper
1726 3475 1806 3539 sit
1840 3476 2007 3538 infra
2033 3475 2237 3540 Deum
2266 3481 2328 3541 et

783 3585 952 3647 intra
977 3583 1282 3647 terminos
1307 3586 1639 3657 creaturae,
1671 3581 1927 3645 videtur
1952 3583 2121 3664 quod
2148 3583 2327 3647 nullo

784 3692 975 3755 modo
1003 3694 1317 3772 congruat
1351 3690 1519 3772 quod
1551 3689 1715 3752 Deus
1748 3689 1937 3753 faciat
1968 3695 2327 3754 creaturam

783 3798 988 3864 Deum
1016 3818 1149 3862 esse
1181 3818 1197 3862 ε
1227 3817 1383 3879 ergo
1410 3816 1540 3862 non
1567 3796 1824 3861 videtur
1850 3814 2011 3878 opus
2042 3798 2329 3861 incarna-

785 3907 973 3971 tionis
1014 3907 1132 3972 sibi
1160 3922 1553 3986 congruere,
1590 3923 1702 3986 per
1741 3904 1863 3980 hoc
1887 3904 2057 3987 quod
2096 3905 2329 3969 dicitur

784 4014 1113 4078 hominem
1144 4013 1341 4076 Deum
1375 4030 1532 4076 esse.

864 4127 925 4186 4.
984 4119 1142 4184 Item
1188 4138 1427 4183 nomen
1467 4120 1486 4155 ²
1531 4119 1703 4201 quod
1750 4121 1845 4183 est
1888 4137 2083 4200 supra
2137 4137 2328 4184 omne

682 4313 686 4317 Δ
785 4248 1059 4308 nomen,
1092 4227 1275 4290 debet
1321 4226 1435 4290 uni
1476 4225 1594 4290 soli
1639 4230 1889 4290 naturae
1934 4227 2276 4291 convenire
2309 4249 2323 4291 :

785 4355 942 4418 ergo
982 4354 1114 4399 non
1154 4333 1407 4400 videtur
1445 4333 1616 4415 quod
1657 4333 1996 4397 conveniat
2034 4332 2162 4397 Deo
2208 4334 2330 4399 tale

786 4462 1023 4507 nomen
1044 4447 1350 4506 creaturae
1370 4439 1880 4503 communicare:
1900 4459 2057 4521 ergo
2076 4441 2331 4506 videtur
2379 4437 2382 4442 ’

786 4551 958 4634 quod
986 4569 1116 4614 non
1156 4553 1469 4629 congruat
1494 4546 1615 4609 sibi
1652 4545 1983 4610 hominem
2011 4545 2081 4609 in
2119 4548 2330 4612 unita-

787 4662 913 4722 tem
944 4674 1233 4741 personae
1262 4671 1606 4717 assumere.

869 4770 927 4830 5.
952 4766 1109 4830 Item
1128 4765 1521 4848 quicumque
1541 4762 1761 4826 adorat
1779 4761 1980 4826 Deum
1999 4762 2064 4825 iu
2085 4765 2330 4847 sculpta

788 4874 1098 4954 imagine,
1134 4872 1280 4935 facit
1308 4870 1434 4934 Deo
1469 4869 1772 4951 injuriam
1807 4889 1823 4933 ε
1856 4887 2013 4950 ergo
2054 4871 2193 4952 pari
2225 4891 2328 4935 ra-

787 4983 980 5060 tione,
1006 4981 1118 5063 qui
1146 4980 1341 5044 credit
1364 4978 1563 5042 Deum
1592 4977 1825 5041 habere
1853 4977 2207 5042 humanam
2237 4978 2327 5042 el-

785 5088 1036 5169 flgiem,
1084 5086 1429 5169 injuriatur
1467 5084 1703 5148 divinae
1745 5089 2039 5148 naturae:
2074 5084 2330 5149 videtur

788 5215 944 5277 ergo
972 5194 1146 5278 quod
1179 5213 1309 5258 non
1340 5197 1655 5274 congruat
1684 5192 1918 5257 divinae
1949 5198 2199 5257 naturae
2226 5194 2329 5256 in-

787 5303 1038 5368 carnari
1078 5301 1214 5366 sive
1263 5300 1627 5366 humanari.
1674 5298 1794 5364 Per
1840 5298 2018 5364 hunc
2062 5301 2329 5365 modum

787 5411 945 5477 solet
969 5409 1159 5491 argui
1185 5408 1268 5473 ab
1294 5407 1673 5473 infidelibus,

855 5541 868 5571 ¹
900 5535 1104 5600 Ephe-m,
1129 5546 1175 5598 1,
1201 5537 1256 5584 21
1280 5531 1531 5596 3Philip.,
1557 5543 1597 5582 11
1616 5568 1632 5589 .
1659 5534 1707 5582 9.

1896 544 2523 616 SENTENTIARUM
2563 548 2715 614 LIB.
2763 548 2871 615 ΙΙΙ.

2978 819 3428 888 CONCLUSIO.

2435 982 2846 1038 lucar-nationis
2898 988 3292 1040 sacramentum
3334 987 3412 1041 ad
3453 990 3829 1047 ostendendam
3874 994 3973 1049 Dei

2511 1071 2832 1139 bonitatem,
2875 1074 3205 1144 sapientiam
3253 1078 3413 1147 atque
3442 1082 3750 1149 potentiam
3795 1081 3971 1139 decuit

2506 1160 2754 1217 divinam
2785 1161 3138 1232 majestatem.

2516 1319 2702 1403 Resp.
2734 1321 2811 1385 ad
2839 1323 2999 1404 Arg.
3029 1322 3380 1388 Dicendum
3406 1326 3577 1408 quod
3601 1327 3840 1410 absque
3862 1329 3975 1395 du-

2434 1427 2540 1491 bio
2581 1445 2949 1509 congruum
2990 1430 3146 1507 fuit,
3190 1436 3254 1495 et
3281 1431 3482 1496 Deum
3523 1433 3735 1499 decuit
3776 1435 3974 1501 incar-

2435 1534 2607 1612 nari;
2635 1538 2698 1599 et
2720 1535 2843 1599 hoc
2864 1540 3122 1619 propter
3144 1557 3280 1603 suae
3303 1541 3623 1621 potentiae,
3642 1548 3706 1607 et
3728 1545 3977 1627 sapien-

2433 1641 2567 1721 tiae,
2584 1645 2647 1706 et
2662 1642 2958 1707 bonitatis
2970 1644 3362 1711 eminentem
3375 1649 3970 1734 manifestationem,

2435 1765 2582 1829 quae
2609 1749 2867 1831 quidem
2901 1751 3062 1815 facta
3086 1753 3274 1817 estin
3301 1754 3569 1819 humani
3600 1758 3857 1837 generis
3883 1778 3977 1823 as-

2433 1855 2817 1937 sumptione.
2869 1856 3246 1940 Congruum
3300 1862 3492 1925 etiam
3546 1863 3666 1927 fuit
3720 1870 3977 1949 propter

2434 1962 2807 2027 divinorum
2834 1983 3102 2047 operum
3128 1966 3542 2033 excellentem
3570 1988 3978 2038 consumma-

2433 2070 2702 2150 tionem,
2750 2089 2898 2153 quae
2940 2072 3200 2154 quidem
3244 2074 3408 2138 facta
3451 2081 3546 2140 est
3590 2077 3659 2141 in
3706 2078 3975 2145 humani

2435 2177 2690 2258 generis
2707 2180 3161 2262 assumptione,
3182 2201 3331 2247 cum
3351 2184 3653 2249 ultimum
3673 2191 3979 2270 conjunc-

2434 2289 2573 2348 tum
2599 2289 2693 2349 est
2714 2286 2944 2368 primo.
2975 2287 3067 2351 Ibi
3093 2289 3267 2353 enim
3291 2296 3386 2355 est
3411 2293 3813 2375 perfeetionis
3833 2314 3979 2360 eon-

2434 2392 2779 2456 summatio
2798 2443 2816 2474 ,
2864 2396 3029 2459 sicut
3075 2401 3246 2479 patet
3294 2398 3362 2462 in
3407 2401 3644 2465 circulo
3662 2451 3679 2482 ,
3730 2405 3842 2486 qui
3888 2409 3979 2468 est

2434 2501 2891 2582 perfectissima
2917 2503 3311 2585 figurarum,
3340 2509 3452 2590 qui
3480 2512 3670 2574 etiam
3697 2513 3782 2578 ad
3809 2513 3976 2578 idem

2434 2613 2747 2690 punctum
2774 2612 3176 2693 terminatur,
3207 2634 3246 2678 a
3268 2635 3398 2698 quo
3422 2617 3679 2701 incepit.
3712 2620 3981 2685 Decebat

2434 2716 2625 2780 etiam
2653 2723 2910 2800 propter
2936 2723 3559 2803 superabundantem
3590 2728 3777 2808 pretii
3806 2729 3981 2793 solu-

2433 2825 2673 2890 tionem
2729 2828 2809 2892 ad
2859 2828 3302 2894 liberationem
3360 2832 3640 2896 hominis
3697 2836 3977 2918 captivi,

2309 2951 2321 2964 ·
2433 2933 2588 3015 quia
2615 2933 2748 2997 sola
2775 2953 3046 3017 persona
3072 2936 3291 3001 divina
3315 2944 3470 3019 erat,
3501 2959 3650 3023 quae
3676 2961 3983 3026 praepon-

2432 3041 2693 3105 derabat
2732 3043 2846 3105 toti
2883 3042 3171 3108 humano
3211 3047 3457 3126 generi.
3500 3047 3830 3116 Postremo
3871 3052 3983 3117 de-

2434 3151 2614 3214 cebat
2650 3153 2906 3234 propter
2932 3153 3488 3234 supereffluentem
3519 3156 3807 3222 hominis
3834 3159 3976 3241 glo-

2433 3258 2852 3323 rilicationem
2872 3306 2891 3338 ,
2921 3263 2996 3322 ut
3023 3278 3152 3323 non
3183 3263 3626 3327 tantummodo
3655 3263 3983 3331 inveniret

2432 3363 2628 3428 homo
2652 3364 2721 3427 in
2744 3365 2869 3429 Deo
2892 3385 3124 3449 pascua
3147 3367 3439 3447 interiuS,
3465 3370 3597 3435 imo
3619 3372 3819 3437 etiam
3844 3393 3982 3456 pas·

2434 3491 2553 3535 cua
2584 3472 2886 3537 exterius,
2926 3473 3002 3536 Et
3026 3473 3115 3536 sic
3147 3478 3350 3556 patet,
3382 3476 3553 3558 quod
3583 3496 3749 3561 opus
3775 3480 3984 3545 incar-

2432 3580 2713 3643 nationis
2752 3581 3031 3644 multum
3074 3582 3337 3664 quidem
3380 3601 3495 3667 per
3533 3603 3800 3651 omnem
3849 3607 3984 3652 mo-

2433 3687 2593 3750 dum
2626 3685 2752 3749 Deo
2790 3688 3218 3768 congruebat,
3255 3694 3318 3753 et
3353 3697 3668 3773 quantum
3716 3696 3802 3760 ad
3844 3698 3986 3779 ejus

2434 3794 2850 3874 infinitatem,
2890 3800 2953 3859 et
2990 3801 3304 3879 quantum
3343 3799 3422 3862 ad
3464 3802 3605 3883 ejus
3644 3804 3982 3884 perfectio-

2434 3920 2614 3978 nem,
2648 3906 2711 3966 et
2742 3907 3057 3985 quantum
3084 3904 3164 3967 ad
3198 3906 3527 3988 pietatem,
3558 3914 3621 3973 et
3653 3916 3984 3993 quantum

2347 4063 2350 4066 ,
2434 4009 2514 4074 ad
2552 4009 3045 4076 liberalitatem:
3077 4012 3156 4075 ad
3198 4013 3580 4079 infinitatem
3617 4016 3687 4080 in
3735 4020 3982 4102 seipso;

2434 4117 2511 4181 ad
2537 4117 2982 4199 perfectionem
3009 4119 3078 4182 in
3100 4121 3452 4202 operand03
3484 4122 3562 4186 ad
3588 4124 3896 4206 pietatem
3920 4126 3989 4190 in

2433 4225 2796 4305 liberand0,
2835 4230 2899 4289 et
2938 4230 3257 4308 quantum
3297 4228 3377 4292 ad
3423 4229 3872 4297 liberalitatem
3919 4233 3989 4297 in

2433 4333 2925 4398 remunerando.
2950 4332 3375 4400 Concedendae
3400 4343 3550 4401 sunt
3573 4358 3735 4421 ergo
3757 4335 3989 4406 omnes

2435 4441 2711 4504 rationes
2745 4441 3142 4505 ostendentes
3172 4448 3641 4510 sacramentum
3680 4448 3987 4515 incarna-

2434 4548 2623 4612 tionis
2648 4548 2774 4612 Deo
2801 4567 3177 4629 congruere.

2517 4660 2548 4718 1
2561 4703 2577 4718 .
2609 4656 2705 4719 Ad
2729 4656 2884 4720 illud
2905 4658 3077 4739 quod
3097 4660 3443 4741 opponitur
3465 4661 3535 4726 in
3557 4667 3989 4743 contrarium,

2435 4763 2608 4845 quod
2640 4781 2769 4826 non
2796 4764 2986 4828 decet.
3006 4765 3290 4829 divinam
3324 4771 3721 4851 maiestatem
3763 4774 3994 4838 humi·

2435 4869 2601 4948 liari,
2627 4870 2968 4934 dicendum
2991 4874 3164 4954 quod
3184 4877 3383 4940 Deum
3407 4876 3760 4945 humiliari
3784 4886 3995 4964 potest

2436 4976 2707 5058 intelligi
2750 4977 3105 5059 dupliciter,
3155 4986 3267 5045 aut
3308 4982 3376 5045 in
3421 5002 3522 5063 se,
3571 4993 3687 5051 aut
3734 4990 3992 5055 ratione

2435 5084 2556 5147 sibi
2593 5086 2758 5149 uniti
2788 5085 2902 5149 :in
2945 5106 3012 5151 se
3049 5089 3345 5171 quidem,
3392 5112 3541 5157 cum
3586 5096 3668 5159 sit
3718 5099 3994 5163 omnino

2435 5191 2847 5274 invariabiliS,
2877 5213 2997 5258 nec
3022 5200 3225 5277 potest
3254 5198 3605 5281 humiliari,
3631 5222 3759 5269 nec
3785 5212 3998 5289 potest

2435 5300 2736 5380 exaltari3
2768 5303 3012 5367 ratione
3038 5307 3254 5369 autem
3282 5307 3400 5371 sibi
3431 5309 3596 5374 uniti
3621 5317 3839 5393 potest
3862 5314 3992 5378 hu-

2437 5407 2669 5472 miliari
2715 5409 2797 5473 ad
2850 5411 3161 5492 majorem
3216 5414 3795 5483 manifestationem
3853 5439 3993 5486 suae

2439 5514 2814 5595 altitudinis,
2843 5517 3009 5582 sicut
3046 5523 3253 5600 potest
3292 5521 3608 5588 infirmari
3643 5524 3730 5589 ad
3763 5531 3989 5613 'majo-
