4185 6288
1173 381 1552 449 DlSTINCT.
1596 381 1785 448 XXII.
1828 377 2010 445 ΛΒΤ.
2057 379 2106 444 Ι.
2154 379 2459 459 QUAEST.
2504 381 2585 447 11.

283 520 581 586 convenit
602 519 707 585 isti
728 518 980 585 homini
1023 536 1139 603 per
1173 520 1470 601 gratiam.
1501 519 1568 585 Si
1612 521 1828 583 autem

281 634 557 714 ponatur
600 646 640 692 a
681 632 862 712 parte
888 626 1237 711 praedicati,
1266 632 1422 691 tunc
1461 629 1555 690 est
1594 624 1829 690 locutio

282 736 462 814 falsa,
490 735 646 818 quia
671 736 787 799 iste
812 735 1129 799 terminus
1150 782 1168 813 ,
1199 734 1416 811 homo,
1446 733 1833 815 praedicatur

282 844 530 908 ratione
569 844 812 922 formae,
857 849 920 907 et
960 841 1083 906 hoc
1122 841 1526 920 adverbium,
1572 840 1826 921 ubique,

284 949 666 1014 determinat
708 950 1143 1032 praedicatum.
1190 949 1267 1013 Et
1301 950 1391 1013 ita
1431 947 1832 1029 significatur

283 1077 396 1141 per
421 1057 578 1137 hoc,
611 1059 780 1140 quod
808 1058 1015 1121 forma
1053 1056 1474 1122 humanitatis
1509 1074 1575 1119 se
1603 1059 1833 1119 exten-

282 1167 375 1232 dit
399 1167 480 1231 ad
509 1184 766 1231 omnem
793 1165 1009 1231 locum
1036 1165 1106 1228 in
1132 1164 1381 1231 Christo
1413 1184 1428 1229 ε
1459 1167 1521 1228 et
1546 1162 1669 1228 hoc
1696 1161 1834 1245 qui-

267 1275 429 1349 ‚dem
468 1276 701 1339 falsum
743 1278 859 1353 est,
890 1291 967 1338 eo
1011 1273 1183 1356 quod
1226 1271 1420 1336 habet
1460 1271 1675 1335 locum
1721 1270 1830 1333 de·

282 1382 725 1447 terminatum.
784 1380 964 1445 Unde
1029 1381 1194 1444 sicut
1263 1379 1403 1443 haec
1457 1381 1553 1442 est
1608 1377 1764 1441 falsa
1811 1398 1828 1442 z

292 1513 324 1549 α
349 1490 636 1557 Christus
663 1508 915 1573 semper
944 1489 1067 1553 fuit
1094 1489 1315 1567 homo,
1349 1510 1381 1547 ι»
1411 1487 1565 1569 quia
1590 1485 1834 1567 signifi-

283 1602 465 1663 catur
503 1617 586 1663 ex
631 1596 754 1662 hoc
796 1596 968 1681 quod
1014 1595 1386 1659 humanitas
1425 1593 1654 1657 Christi
1703 1609 1834 1657 non

282 1705 510 1769 habuit
535 1704 922 1787 principium
950 1703 1019 1766 in
1054 1706 1380 1785 tempore;
1415 1702 1504 1765 ita
1543 1699 1834 1763 similiter

283 1813 424 1878 haec
451 1818 545 1877 est
570 1812 722 1877 falsa
752 1834 768 1876 :
812 1836 843 1872 α
862 1811 1145 1876 Christus
1167 1813 1264 1874 est
1288 1809 1531 1891 ubique
1554 1808 1772 1885 homo,
1794 1826 1826 1866 n

284 1921 438 2004 quia
460 1938 537 1984 ex
580 1919 704 1984 hoc
741 1918 1144 2001 significatur
1170 1917 1342 2000 quod
1376 1915 1666 1980 humana
1710 1932 1836 1980 na-

283 2033 432 2092 tura
481 2026 711 2092 Christi
767 2026 848 2089 sit
898 2025 1162 2108 ubique.
1213 2022 1640 2089 Concedendae
1685 2025 1838 2085 sunt

283 2153 443 2216 ergo
468 2134 747 2198 rationes
774 2132 1196 2212 ostendente8‚
1222 2132 1397 2215 quod
1416 2132 1704 2196 humana
1728 2150 1839 2194 na-

282 2248 430 2308 tura
455 2242 684 2306 Christi
710 2242 791 2306 sit
813 2242 884 2306 in
913 2241 1054 2306 loco
1081 2240 1524 2320 determinato,
1556 2242 1622 2304 et
1645 2238 1838 2304 fuerit

282 2351 354 2414 in
377 2349 615 2416 triduo.

367 2464 428 2522 1.
487 2458 587 2523 Ad
631 2457 792 2522 illud
849 2474 1006 2521 vero
1053 2453 1226 2537 quod
1274 2454 1619 2536 objicitur,
1666 2455 1837 2536 quod

285 2584 713 2651 quaecumque
753 2569 906 2630 sunt
931 2563 1117 2627 unita
1142 2562 1678 2646 inseparabiliter,
1721 2581 1838 2627 ex-

285 2675 555 2740 tendunt
582 2692 649 2738 se
690 2672 771 2737 ad
800 2689 1060 2737 omnem
1088 2670 1302 2736 locum
1334 2668 1696 2751 aequaliter,
1739 2668 1837 2732 di-

287 2783 561 2848 cendum
588 2781 764 2865 quod
791 2779 948 2844 illud
974 2779 1167 2843 habet
1191 2777 1547 2853 veritatem,
1579 2776 1834 2859 quando

285 2890 500 2973 aliqua
526 2889 656 2954 duo
680 2888 947 2953 unibilia
973 2886 1063 2950 sic
1080 2883 1605 2965 uniuntur,quod
1623 2901 1834 2947 unum

285 3014 418 3061 non
458 2995 707 3061 excedit
743 2994 1089 3076 reliquum.
1120 2990 1188 3056 Si
1228 2994 1445 3055 autem
1488 3008 1696 3053 unum
1742 2994 1837 3054 est

285 3103 550 3186 majoris
576 3102 889 3180 ambitus,
922 3117 1121 3183 quam
1156 3097 1478 3180 reliquum
1497 3146 1515 3177 ,
1558 3114 1689 3161 non
1716 3097 1835 3161 ha-

285 3212 395 3276 bet
422 3211 758 3276 veritatem
783 3232 797 3274 :
821 3215 885 3273 et
905 3209 995 3272 sic
1017 3211 1111 3273 est
1131 3208 1199 3271 in
1227 3206 1568 3289 proposito.
1594 3203 1837 3271 Natura

289 3319 455 3382 enim
500 3317 718 3383 divina
757 3319 855 3381 est
896 3316 1235 3393 immensa,
1284 3314 1393 3378 sed
1433 3318 1665 3378 natura
1707 3314 1837 3379 hu-

286 3443 482 3490 mana
520 3429 616 3490 est
639 3424 930 3488 limitata.
979 3421 1060 3487 Et
1099 3426 1193 3487 est
1227 3421 1433 3486 simile
1464 3443 1478 3484 :
1512 3422 1668 3506 quia
1693 3424 1836 3488 ani-

285 3532 416 3597 mal
460 3531 966 3616 inseparabiliter
1000 3530 1386 3613 praedicatur
1429 3529 1508 3595 de
1547 3529 1832 3611 homine,

282 3643 349 3706 et
391 3644 610 3705 tamen
651 3638 883 3706 alicubi
931 3641 1029 3704 est
1069 3637 1311 3704 animal
1333 3686 1352 3716 ,
1396 3636 1511 3703 ubi
1560 3657 1693 3705 non
1733 3644 1838 3705 'est

282 3748 502 3815 homo.

362 3857 427 3921 2.
461 3856 560 3921 Ad
586 3855 747 3920 illud
775 3853 947 3937 quod
973 3852 1271 3935 objicitur
1288 3899 1307 3930 ,
1337 3851 1509 3934 quod
1555 3851 1664 3915 illa
1689 3871 1836 3935 quae

283 3968 440 4030 sunt
479 3982 687 4029 unum
716 3963 788 4026 in
827 3960 1152 4044 supposito
1175 4007 1193 4040 ‚
1224 3958 1730 4024 concomitantur
1767 3979 1836 4025 se

282 4072 354 4137 in
382 4073 560 4139 omni
586 4073 726 4137 loco
751 4068 1273 4153 inseparabiliter,
1294 4067 1637 4132 dicendum
1663 4067 1837 4150 quod

284 4180 609 4263 quoddam
649 4183 744 4244 est
781 4176 1181 4260 suppositum
1222 4175 1388 4257 quod
1420 4193 1550 4239 non
1587 4175 1835 4239 excedit

282 4289 564 4354 formam
591 4303 800 4366 suam,
828 4288 891 4350 et
919 4284 995 4348 de
1020 4282 1133 4347 tali
1160 4282 1487 4366 supposito
1514 4281 1708 4345 habet
1730 4300 1836 4346 ve-

280 4396 539 4462 ritatem
593 4411 803 4460 sermo
858 4391 1250 4477 praemissus.
1304 4388 1631 4468 Quoddam
1678 4407 1834 4453 vero

279 4508 380 4570 est
414 4503 844 4587 suppositum,
875 4499 1049 4583 quod
1084 4498 1331 4564 excedit
1372 4498 1652 4579 aliquam
1697 4497 1833 4560 for-

280 4628 461 4677 mam
488 4613 675 4693 cujus
700 4613 796 4674 est
818 4607 1225 4691 suppositum
1243 4654 1261 4685 ,
1289 4605 1453 4670 sicut
1479 4603 1836 4687 hypostasis

282 4717 516 4782 Christi
556 4736 624 4781 se
656 4715 848 4779 habet
873 4718 1163 4797 respectu
1203 4712 1508 4776 humanae
1547 4714 1829 4786 naturae,

280 4824 439 4907 quia
467 4823 752 4908 primum
798 4840 931 4887 esse
968 4839 1102 4885 non
1135 4820 1329 4885 habet
1371 4836 1410 4882 a
1440 4820 1671 4881 natura
1697 4817 1831 4881 hu-

283 4949 513 5011 mana,
544 4929 651 4994 sed
678 4947 718 4992 a
745 4932 976 4993 natura
1016 4926 1235 4992 divina
1266 4946 1281 4990 ε
1313 4930 1376 4989 et
1415 4924 1494 4989 de
1526 4923 1638 4988 tali
1675 4942 1830 5007 sup-

278 5039 489 5123 posito
514 5055 648 5104 non
673 5036 865 5101 habet
889 5036 1246 5100 veritatem.

368 5151 429 5211 3.
452 5146 549 5212 Ad
566 5144 724 5210 illud
739 5143 912 5225 quod
930 5142 1254 5226 objicitur,
1275 5139 1445 5223 quod
1457 5139 1598 5203 haec
1615 5143 1711 5203 est
1725 5157 1833 5205 ve-

275 5274 357 5321 ra
388 5278 403 5322 ι
432 5254 596 5320 «Iste
618 5254 815 5318 homo
834 5255 927 5316 est
948 5249 1154 5316 Filius
1175 5250 1285 5316 Dei
1313 5249 1586 5333 ubique:
1609 5270 1639 5309 n
1672 5267 1831 5332 ergo

272 5369 424 5450 ejus
451 5382 760 5430 conversa
776 5366 875 5426 est
902 5379 1090 5426 vera:
1119 5384 1149 5421 (ι
1168 5361 1271 5426 Dei
1289 5360 1491 5426 Filius
1517 5366 1612 5424 est
1634 5360 1830 5425 homo

601 5490 754 5539 rou.
795 5488 888 5536 tv.

3366 392 3486 454 465

1939 515 2200 599 ubique,
2219 538 2249 575 n
2286 517 2627 584 dicendum
2646 518 2819 601 quod
2836 518 3006 597 haec,
3037 518 3091 582 si
3109 520 3256 602 quis
3272 525 3486 588 atten-

1938 622 2068 699 dat,
2114 641 2249 687 non
2297 630 2391 689 est
2435 628 2576 708 ejus
2622 645 2932 692 conversa
2961 648 2977 690 z
3011 629 3074 691 et
3119 626 3245 692 hoc
3289 632 3484 712 patet,

1938 729 2098 810 quia
2135 731 2206 794 in
2249 733 2664 798 conversione
2700 735 2975 816 alicujus
3015 736 3487 818 propositionis,

1938 835 2112 917 quod
2140 836 2601 904 determinabat
2637 841 3053 923 praedicatum
3073 891 3090 921 ,
3122 842 3309 906 debet
3347 842 3490 907 fieri

1939 942 2381 1011 determinatio
2407 967 2490 1012 ex
2517 954 2696 1031 parte
2727 950 3020 1032 subjecti,
3043 951 3334 1034 alioquin
3361 969 3494 1016 non

1940 1052 2013 1113 fit
2039 1057 2212 1116 recta
2239 1057 2602 1136 conversio,
2640 1058 2808 1122 sicut
2835 1063 3006 1141 patet
3032 1061 3385 1143 aspicienti.
3418 1060 3498 1125 Et

1940 1158 2103 1239 ideo,
2127 1179 2278 1224 cum
2298 1162 2365 1226 in
2385 1163 2506 1227 hac
2526 1163 2843 1230 locutione
2863 1185 2880 1231 ε
2910 1190 2939 1226 α
2957 1166 3164 1232 Homo
3183 1172 3279 1233 est
3295 1169 3498 1233 Filius

1940 1264 2050 1331 Dei
2072 1267 2336 1351 ubique,
2357 1293 2387 1329 n
2418 1270 2577 1337 illud
2597 1272 2979 1338 adverbium
3009 1275 3390 1340 determinet
3416 1277 3494 1359 (a)

1942 1374 2359 1455 praedicatum
2388 1378 2633 1443 ratione
2661 1380 2836 1444 illius
2868 1381 3181 1462 attributi,
3210 1384 3382 1465 quod
3405 1387 3502 1448 est

1941 1503 2077 1549 esse
2104 1484 2339 1550 Filium
2365 1487 2501 1565 Dei3
2546 1491 2690 1571 ejus
2716 1507 3023 1554 conversa
3048 1508 3181 1554 non
3209 1496 3302 1555 est
3320 1491 3497 1556 haec:

1952 1591 2196 1656 «Filius
2209 1592 2314 1657 Dei
2328 1598 2421 1659 est
2432 1594 2627 1660 homo
2639 1595 2936 1678 ubique‚»
2960 1598 3313 1662 secundum
3329 1599 3503 1682 quod

1942 1702 2176 1784 ubique
2206 1702 2589 1768 determinat
2626 1696 3169 1770 hoc'attributum
3197 1709 3369 1789 quod
3407 1712 3504 1773 est

1944 1826 2081 1873 esse
2101 1810 2453 1891 hominem,
2478 1812 2588 1876 sed
2606 1812 2743 1875 haec
2768 1834 2783 1875 ε
2820 1810 3062 1877 «Filius
3085 1812 3198 1877 Dei
3224 1814 3504 1878 existens

1942 1915 2181 1997 ubique
2203 1921 2300 1981 est
2313 1917 2512 1982 homo
2533 1940 2549 1982 ε
2571 1942 2601 1978 >2
2640 1922 2703 1983 et
2731 1919 2873 1983 haec
2895 1919 3159 2001 quidem
3190 1923 3286 1984 est
3311 1939 3498 1985 vera:

1945 2024 2116 2087 unde
2130 2026 2427 2107 quamvis
2446 2027 2514 2089 in
2530 2026 2777 2091 ratione
2790 2027 3090 2117 praedicta
3101 2028 3394 2093 videatur
3405 2047 3505 2093 ar-

1945 2149 2148 2212 guere
2172 2150 2211 2196 a
2228 2132 2502 2215 simplici
2521 2151 2852 2213 conversa,
2879 2152 3012 2198 non
3026 2138 3241 2199 tamen
3259 2137 3500 2216 arguit.

2024 2243 2088 2302 4.
2118 2237 2212 2302 Ad
2240 2238 2399 2304 illud
2422 2240 2593 2322 quod
2621 2239 2924 2321 objicitur
2944 2288 2961 2318 ,
2996 2241 3170 2323 quod
3198 2243 3252 2305 si
3286 2241 3502 2307 Chris-

1943 2347 2048 2408 tus
2090 2348 2187 2409 est
2229 2346 2369 2441 hic,
2406 2350 2470 2410 et
2512 2366 2643 2411 non
2681 2350 2775 2411 est
2801 2347 2907 2412 hic
2952 2348 3180 2429 homo,
3210 2370 3368 2433 ergo
3409 2357 3505 2417 est

1944 2450 2050 2514 hic
2088 2470 2222 2516 non
2265 2454 2500 2534 homo;
2537 2454 2878 2520 dicendum
2915 2457 3089 2539 quod
3132 2458 3293 2524 illud
3331 2463 3504 2526 tenet

1944 2559 2013 2622 in
2040 2558 2175 2636 his,
2205 2578 2352 2642 quae
2391 2563 2544 2625 sunt
2583 2560 2755 2624 illius
2783 2567 3032 2627 naturae
3080 2568 3366 2645 tantum,
3401 2584 3500 2631 ra·

1943 2665 2118 2728 tione
2146 2668 2336 2747 cujus
2361 2669 2512 2731 sunt
2536 2667 2929 2751 ubicumque
2958 2675 3128 2735 sunt.
3154 2670 3227 2735 In
3253 2672 3498 2740 Christo

1942 2789 2100 2834 vero
2126 2789 2257 2836 non
2284 2776 2477 2850 tenet,
2509 2773 2663 2855 quia
2687 2791 2819 2839 non
2848 2777 3058 2840 solum
3086 2777 3278 2844 habet
3303 2783 3497 2844 natu·

1942 2897 2081 2944 ram
2152 2881 2501 2945 humanam
2520 2928 2537 2958 ,
2586 2882 2697 2947 sed
2759 2884 2952 2947 etiam
3015 2885 3302 2951 divinam
3320 2936 3338 2968 ,
3384 2907 3501 2971 per

1943 3006 2141 3070 quam
2186 2991 2390 3069 potest
2427 3006 2563 3052 esse
2609 2989 2883 3070 alicubi,
2914 2992 3027 3056 ubi
3069 3010 3202 3057 non
3246 2998 3342 3058 est
3383 3013 3500 3078 per

1941 3098 2295 3164 humanam
2338 3102 2661 3165 naturam.
2706 3100 2884 3166 Unde
2930 3102 2999 3166 in
3045 3121 3346 3186 processu
3388 3107 3498 3173 illo

1942 3213 2038 3271 est
2071 3213 2406 3290 peccatum
2434 3210 2783 3274 secundum
2814 3229 3256 3295 consequens:
3299 3237 3331 3274 α
3357 3214 3498 3282 Non

1943 3319 2037 3379 est
2062 3315 2170 3379 hic
2196 3314 2392 3380 homo
2424 3334 2628 3398 :ergo
2655 3321 2752 3381 est
2774 3317 2882 3381 hic
2907 3336 3043 3382 non
3068 3319 3289 3386 homo.
3315 3344 3346 3382 ι)
3375 3321 3499 3387 Ista

1943 3422 2120 3486 enim
2145 3421 2340 3487 habet
2366 3425 2495 3487 tres
2520 3441 2743 3487 causas
2772 3424 3059 3490 veritatis
3096 3447 3113 3491 ε
3152 3446 3195 3487 ·«
3215 3425 3357 3493 Non
3399 3435 3494 3495 est

1943 3529 2048 3593 hic
2071 3529 2270 3596 homo
2304 3552 2374 3593 ε»
2411 3534 2526 3594 aut
2560 3531 2714 3613 quia
2745 3549 2877 3595 non
2904 3536 3001 3597 cst
3038 3533 3174 3613 hic;
3206 3539 3321 3600 aut
3342 3537 3498 3619 quia

1941 3654 2073 3701 non
2102 3640 2199 3702 est
2221 3638 2440 3716 homo;
2471 3641 2585 3702 aut
2612 3637 2765 3720 quia
2792 3643 2889 3703 est
2916 3639 3045 3720 hic,
3066 3643 3131 3705 et
3155 3645 3251 3705 est
3274 3641 3493 3720 homo,

1941 3745 2051 3810 sed
2092 3749 2308 3810 tamen
2350 3744 2720 3810 humanitas
2758 3745 2901 3827 ejus
2947 3764 3078 3810 non
3121 3751 3217 3811 est
3258 3748 3327 3812 in
3378 3749 3498 3813 isto

1942 3854 2082 3918 loco
2117 3874 2133 3919 ε
2165 3854 2321 3917 etin
2358 3854 2482 3918 isto
2522 3871 2717 3918 sensu
2759 3854 2954 3918 habet
2987 3854 3225 3919 locutio
3261 3857 3494 3922 verita·-

1939 3965 2097 4026 tem.
2158 3961 2238 4026 Et
2288 3962 2342 4026 si
2398 3961 2744 4044 objiciatur
2794 3961 2966 4045 quod
3021 3962 3204 4029 homo
3252 3967 3316 4029 et
3365 3979 3497 4032 non

1939 4067 2121 4136 homo
2188 4072 2603 4153 opponuntur
2663 4068 3030 4134 immediate
3061 4117 3081 4150 ,
3153 4070 3497 4137 dicendum

1942 4176 2117 4258 quod
2141 4193 2372 4241 verum
2397 4180 2494 4240 est
2518 4180 2835 4259 quantum
2864 4180 2959 4240 est
2987 4177 3066 4242 de
3092 4195 3195 4259 re,
3222 4179 3333 4244 sed
3364 4195 3497 4245 non

1941 4289 2041 4348 est
2055 4302 2288 4350 verum
2312 4284 2526 4350 addita
2553 4283 3104 4349 determinatione.
3134 4284 3288 4351 Haec
3319 4289 3494 4353 enim

1941 4391 2071 4457 duo
2097 4409 2231 4456 non
2249 4394 2667 4476 opponuntur
2683 4390 3089 4456 immediate:
3120 4415 3151 4452 α
3168 4392 3368 4459 Albus
3381 4396 3496 4461 ho-

1943 4516 2085 4563 mo:
2108 4521 2139 4559 »
2177 4503 2241 4563 et
2272 4498 2516 4563 «Albus
2532 4515 2662 4562 non
2686 4498 2905 4579 hom0,
2939 4521 2970 4559 ι)
3012 4498 3169 4582 quia
3192 4506 3495 4569 neutrum

1941 4605 2178 4670 horum
2208 4623 2358 4669 vere
2385 4605 2769 4688 praedicatur
2796 4605 2874 4670 de
2896 4604 3159 4672 homine
3186 4609 3399 4691 nigro,

2021 4716 2084 4777 5.
2116 4712 2216 4778 Ad
2253 4712 2411 4777 illud
2440 4711 2612 4794 quod
2639 4712 2970 4794 oincitur,
3004 4715 3176 4797 quod
3203 4716 3367 4782 bene
3389 4736 3495 4783 se·-

1939 4820 2209 4902 quitur:
2249 4842 2280 4880 <1
2307 4818 2448 4894 Est,
2502 4822 2565 4883 et
2611 4838 2745 4884 non
2793 4824 2890 4884 est
2928 4822 3149 4901 hom0,
3199 4842 3360 4905 ergo
3396 4833 3496 4890 est

1939 4944 2072 4991 non
2097 4927 2292 4992 homo
2327 4949 2342 4991 :
2373 4948 2404 4986 n
2441 4944 2599 5008 ergo
2625 4928 2917 4993 similiter
2951 4928 3114 4995 bene
3150 4933 3442 5015 sequitur
3471 4956 3486 4998 ε

1949 5058 1980 5095 α
2006 5034 2117 5100 Est
2141 5035 2269 5116 hic,
2298 5039 2363 5100 et
2389 5053 2524 5100 non
2553 5041 2646 5100 est
2672 5035 2780 5100 hic
2806 5037 3002 5103 homo
3033 5061 3051 5105 ε
3081 5059 3239 5123 ergo
3270 5046 3365 5106 est
3387 5043 3495 5108 hic

1938 5160 2072 5207 non
2102 5143 2319 5224 homo,
2344 5166 2376 5204 »
2412 5144 2757 5209 dicendum
2784 5147 2958 5227 quod
2981 5166 3111 5213 non
3139 5153 3238 5213 est
3260 5150 3490 5231 simile,

1940 5253 2094 5336 quia
2134 5254 2430 5336 pluribus
2457 5253 2535 5320 de
2569 5253 2778 5319 causis
2801 5260 3007 5338 potest
3031 5257 3151 5321 ista
3177 5258 3497 5325 verificari

2005 5381 2072 5444 (a)
2099 5380 2235 5431 Edit.
2275 5381 2412 5430 Vent.
2438 5379 2765 5431 determinat.
3313 5453 3332 5472 ·

3173 5479 3250 5541 30
