4185 6288
1233 457 1618 528 nlsmvc'r.
1662 461 1740 529 X.
1777 461 1961 530 ΛΒΤ.
2006 464 2057 530 1.
2100 464 2403 544 QUAEST.
2445 465 2527 533 11.

276 611 409 657 nam
446 593 812 658 secundum
857 594 1026 677 quod
1074 593 1304 673 homo,
1350 599 1466 659 aut
1506 596 1633 662 alia
1671 616 1820 680 per-

276 719 414 765 sona
439 701 560 765 erit
595 700 954 765 secundum
992 702 1165 783 quod
1206 702 1402 767 homo
1437 726 1453 766 ε
1486 708 1549 767 et
1593 705 1648 768 si
1689 705 1821 769 alia

275 826 528 890 persona
568 812 667 872 est
711 809 1066 872 secundum
1110 810 1284 892 quod
1328 811 1547 889 homo,
1579 816 1644 875 et
1687 812 1818 877 alia

273 915 607 979 secundum
637 914 812 997 quod
841 914 1031 993 Deus,
1051 933 1210 997 ergo
1234 916 1520 981 Christus
1547 921 1642 980 est
1671 917 1815 983 duae

272 1039 550 1104 personae
577 1043 593 1084 :
624 1038 785 1102 ergo
809 1038 938 1084 non
964 1026 1059 1085 est
1086 1039 1283 1102 unus,
1316 1027 1379 1086 et
1408 1024 1495 1088 ita
1520 1041 1651 1088 non
1677 1030 1811 1090 est:

271 1127 369 1193 sed
397 1127 520 1192 hoc
546 1128 647 1190 est
685 1126 915 1191 falsum
954 1149 970 1192 ι
1003 1132 1195 1192 restat
1235 1147 1393 1210 ergo
1429 1129 1601 1211 quod
1644 1131 1817 1194 aliud

272 1235 631 1298 membrum
661 1239 756 1298 est
777 1252 1011 1298 verum
1029 1283 1047 1314 ,
1077 1235 1341 1314 scilicet,
1372 1236 1544 1319 quod
1572 1236 1816 1300 Christo

270 1359 396 1404 non
418 1341 725 1405 convenit
749 1359 886 1405 esse
908 1359 1247 1424 personam
1269 1343 1623 1407 secundum
1642 1343 1818 1426 quod

270 1447 479 1512 homo.

344 1555 503 1621 Item
533 1556 952 1640 personalitas
979 1557 1239 1622 cuilibet
1259 1557 1355 1621 rei
1383 1556 1546 1621 inest
1570 1558 1817 1623 ratione

271 1665 403 1745 ejus
425 1664 601 1746 quod
628 1669 724 1727 est
750 1663 821 1726 in
844 1663 983 1746 ipsa
1008 1663 1464 1745 dignissimum
1491 1686 1508 1742 ;
1541 1665 1818 1747 pertinet

270 1771 435 1836 enim
464 1788 708 1835 nomen
738 1788 1029 1852 personae
1058 1770 1138 1834 ad
1165 1769 1512 1834 notabilem
1539 1770 1818 1851 dignita-

268 1881 393 1941 tem
448 1892 468 1940 t
525 1876 637 1940 sed
696 1880 940 1940 constat
1003 1876 1170 1959 quod
1241 1876 1694 1958 dignissimum
1749 1877 1818 1941 in

270 1984 511 2049 Christo
540 2001 678 2047 non
704 1987 798 2047 est
824 1982 1108 2047 humana
1128 1987 1382 2059 natura,
1415 1983 1524 2047 sed
1551 1984 1810 2049 divina:

267 2108 419 2173 ergo
446 2091 684 2155 falsum
728 2093 826 2153 est
854 2089 1175 2155 Christum
1217 2091 1574 2156 secundum
1604 2091 1816 2156 homi-

264 2217 409 2262 nem
425 2247 446 2276 ,
480 2198 621 2261 sive
679 2197 1035 2261 secundum
1084 2196 1441 2262 humanam
1481 2204 1812 2279 naturam,

267 2325 400 2372 oese
426 2324 796 2391 personam.

346 2414 502 2478 Item
551 2415 675 2478 hoe
718 2414 934 2495 ipsum
981 2414 1338 2478 ostenditur
1382 2432 1496 2498 per
1540 2414 1819 2477 nominis

269 2525 764 2606 etymologiam3
809 2523 897 2586 sic
940 2524 1115 2587 enim
1155 2525 1375 2606 arguit
1418 2523 1718 2607 Magister
1747 2523 1817 2588 in

100 2630 522 2700 mlittm-a:
566 2655 596 2691 a
625 2630 901 2696 Persona
942 2631 1179 2695 dicitur
1221 2632 1401 2713 quasi
1442 2650 1558 2715 per
1600 2650 1668 2696 se
1712 2648 1817 2695 so-

82 2731 248 2827 3⁸3
267 2756 451 2817 nans,
481 2738 588 2803 vel
612 2755 729 2821 per
758 2755 827 2801 se
858 2755 1066 2801 unum
1095 2760 1111 2800 :
1144 2738 1304 2801 nihil
1332 2742 1549 2802 autem
1578 2737 1700 2801 tale
1724 2742 1819 2801 est

269 2844 378 2909 alii
415 2847 875 2929 conjunctum,
922 2844 1144 2908 saltem
1189 2844 1465 2925 digniori
1498 2867 1513 2908 ε
1558 2862 1717 2926 ergo
1762 2836 1816 2906 si

261 2951 547 3016 humana
569 2955 806 3016 natura
822 2951 893 3015 in
918 2951 1162 3015 Christo
1181 2951 1361 3017 unita
1379 2955 1476 3016 est
1506 2951 1810 3033 digniori,

262 3058 491 3123 scilicet
519 3058 782 3137 divinae,
817 3058 1094 3136 videtur,
1127 3062 1250 3123 etc.

806 3316 1259 3385 CONCLUSIO.

200 3543 209 3552 ,
264 3481 569 3552 ehu-istum,
590 3479 877 3539 secumdum
897 3482 1037 3552 quod
1060 3482 1241 3551 homo,
1273 3496 1685 3554 essepersonam
1709 3497 1816 3538 non

332 3576 575 3633 debemus
602 3575 909 3643 concedere,
943 3578 1075 3647 quia
1093 3590 1327 3648 persona
1343 3576 1645 3632 attenditur
1667 3578 1730 3632 in
1757 3593 1815 3633 eo

330 3668 614 3725 aecundum
644 3672 907 3724 naturam
935 3672 1303 3724 assumentem.

338 3826 526 3911 Resp.
559 3826 641 3890 ad
669 3845 811 3908 arg.
859 3825 1208 3891 Dicendum
1237 3825 1411 3908 quod
1440 3825 1678 3907 absque
1703 3825 1816 3890 du-

262 3935 401 4015 bio,
450 3935 508 3999 si
558 3935 701 3999 haec
750 3935 941 3998 dictio
964 3982 982 4010 ,
1030 3933 1418 4012 secundum,
1471 3933 1816 4017 accipiatur

262 4047 447 4126 prout
473 4044 785 4125 importat
814 4042 1128 4105 rationem
1156 4043 1409 4120 formae,
1449 4040 1550 4106 ve]
1579 4060 1810 4120 causae,

262 4150 558 4233 neganda
583 4152 680 4212 est
711 4148 1106 4231 simpliciter,
1151 4167 1269 4231 pro
1296 4166 1371 4212 eo
1398 4148 1570 4229 quod
1598 4166 1816 4231 perso-

263 4259 490 4322 nalitas
536 4255 788 4321 Christo
828 4255 1181 4320 secundum
1232 4257 1586 4319 humanam
1632 4260 1816 4320 natu·

264 4383 400 4428 ram
438 4363 788 4428 convenire
831 4380 964 4426 non
1003 4366 1227 4445 potest.
1275 4361 1419 4446 ipsa
1450 4363 1620 4426 enim
1658 4379 1816 4426 con·

258 4472 485 4553 juncta
531 4474 626 4536 est
662 4470 756 4533 rei
803 4469 1082 4551 digniori
1115 4492 1130 4532 ε
1165 4475 1229 4534 et
1262 4469 1404 4534 ideo
1450 4487 1585 4534 non
1614 4474 1817 4551 potest

264 4579 498 4644 habere
539 4576 856 4641 rationem
897 4595 1186 4659 personae
1208 4625 1225 4657 ‚
1275 4594 1422 4659 quse
1469 4574 1816 4640 attenditur

265 4686 620 4751 secundum
658 4684 1096 4748 excellentiam
1125 4684 1460 4766 dignitatis
1504 4684 1572 4747 in
1619 4702 1695 4748 eo
1737 4684 1815 4748 de

266 4812 393 4876 quo
421 4793 599 4858 dicit.
635 4789 763 4855 Nec
787 4792 1039 4854 tantum
1069 4793 1411 4873 conjuncta
1439 4796 1535 4856 est
1554 4791 1653 4856 rei
1678 4790 1819 4872 dig-

267 4901 432 4964 niori
499 4915 910 4982 quacumque
979 4897 1428 4979 conjunctione
1448 4947 1470 4977 ,
1513 4898 1621 4962 sed
1670 4916 1819 4962 con·

261 5006 592 5088 Junctione
645 5006 782 5069 sive
845 5003 1083 5069 unione
1135 5003 1451 5087 personali
1498 5027 1513 5070 ι
1564 5009 1631 5068 et
1677 5004 1817 5070 ideo

267 5131 517 5180 necesse
545 5117 643 5178 aet
668 5129 806 5177 esse
834 5112 906 5175 in
946 5110 1190 5176 Christo
1216 5116 1508 5195 respectu
1533 5112 1812 5176 duarum

268 5226 648 5288 naturarum
695 5235 903 5284 unam
952 5235 1313 5300 personam.
1367 5218 1493 5283 Sed
1533 5219 1643 5283 illa
1685 5237 1818 5284 non

270 5335 468 5413 potest
514 5326 761 5397 attendi
811 5344 1009 5410 penes
1049 5328 1353 5390 naturam
1396 5330 1672 5390 creatam
1685 5375 1706 5405 ,
1757 5330 1821 5391 et

271 5455 457 5521 penes
482 5443 791 5505 naturam
811 5435 1237 5516 assumptam:
1270 5449 1525 5498 necesse
1553 5436 1648 5496 est
1663 5450 1821 5513 ergo

1925 600 2134 682 ipsam
2172 600 2409 666 attendi
2441 602 2792 667 secundum
2821 607 3120 669 naturam
3146 623 3477 672 assumen-

1924 711 2055 772 tem
2085 712 2150 772 et
2175 709 2520 773 increatam
2553 731 2568 773 ε
2603 711 2667 775 et
2702 715 3037 793 propterea
3070 712 3211 777 haec
3248 714 3476 778 admit-

1917 815 2081 880 titur
2113 839 2128 878 :
2169 838 2200 876 ι
2236 816 2521 882 Christus
2532 864 2553 895 ,
2584 819 2933 882 secundum
2963 820 3136 901 quod
3161 820 3348 902 DeuS,
3380 826 3476 886 est

1925 940 2234 1004 persona3
2267 945 2299 983 υ
2334 925 2476 990 haec
2521 925 2840 1008 raepuimr
2876 949 2891 989 ε
2932 950 2963 986 α
3005 926 3321 1007 Christus,
3371 947 3470 992 se·

1925 1029 2212 1094 cundum
2252 1031 2420 1114 quod
2467 1032 2699 1112 homo,
2742 1036 2838 1096 est
2882 1050 3189 1114 persona.
3230 1058 3260 1093 ι)
3309 1035 3474 1099 sicut

1923 1137 2196 1219 probant
2239 1138 2516 1203 rationes
2555 1139 2636 1203 ad
2679 1139 3023 1204 secundam
3072 1145 3317 1223 partem
3369 1142 3473 1204 in-

1922 1241 2132 1306 ductae
2165 1265 2182 1305 ι
2214 1248 2277 1307 et
2306 1243 2449 1309 ideo
2481 1251 2634 1310 sunt
2659 1246 3096 1324 concedendae.

2004 1355 2063 1413 1.
2100 1350 2197 1414 Ad
2226 1350 2382 1416 illud
2411 1353 2583 1433 quod
2616 1352 2915 1434 objicitur
2944 1352 3023 1416 de
3052 1353 3213 1417 hac:
3245 1377 3277 1416 α
3299 1353 3474 1418 Chri-

1922 1460 2095 1532 stus,
2145 1459 2503 1523 secundum
2544 1460 2720 1542 quod
2759 1460 2879 1524 iste
2917 1459 3146 1538 homo,
3186 1465 3282 1525 est
3325 1480 3474 1543 per-

1923 1581 2081 1628 sona
2121 1587 2135 1627 :
2171 1583 2355 1646 ergo,
2386 1571 2530 1645 etc.;
2563 1590 2593 1626 ι)
2629 1567 2969 1632 dicendum
2998 1569 3171 1652 quod
3214 1569 3353 1633 haec
3379 1573 3476 1635 est

1923 1668 2393 1750 distinguenda,
2433 1672 2589 1755 quia
2627 1675 2748 1739 iste
2790 1677 2997 1756 potest
3038 1674 3473 1740 demonstrare

1923 1778 2223 1841 naturam
2257 1777 2612 1844 humanam
2651 1780 2720 1843 in
2758 1785 2996 1860 atomo,
3028 1781 3262 1846 scilicet
3290 1799 3473 1846 com-

1923 1886 2201 1966 positum
2243 1903 2327 1950 ex
2368 1887 2478 1949 illa
2520 1888 2736 1951 anima
2779 1893 2843 1952 et
2884 1889 2990 1953 illo
3034 1907 3301 1972 corpore
3349 1912 3365 1953 z
3410 1893 3475 1954 et

1924 1989 2045 2054 hoc
2091 1991 2280 2056 modo
2325 1992 2559 2057 falsum
2605 1998 2700 2058 est
2742 1994 3087 2072 Christum,
3120 1996 3472 2060 secundum

1924 2096 2094 2178 quod
2124 2102 2218 2162 est
2244 2098 2361 2163 iste
2390 2101 2606 2178 homo,
2637 2119 2773 2165 esse
2802 2119 3159 2184 personam.
3197 2101 3325 2166 Nec
3351 2121 3474 2166 va-

1923 2201 2010 2268 let
2036 2206 2210 2285 quod
2243 2206 2564 2288 objicitur,
2594 2208 2767 2290 quod
2795 2227 3149 2290 pronomen
3166 2209 3471 2273 demons-

1923 2313 2045 2374 tret
2102 2318 2340 2377 certam
2392 2333 2729 2397 personam
2779 2335 2796 2380 x
2846 2334 3117 2398 persona
3159 2317 3332 2380 enim
3382 2318 3473 2381 ibi

1924 2420 2176 2483 tantum
2225 2421 2415 2499 valet,
2459 2426 2775 2505 quantum
2819 2424 3262 2505 suppositum;
3300 2424 3472 2488 unde

1924 2527 2376 2593 convenienter
2416 2529 2648 2594 dicitur
2688 2531 2823 2597 ista
2864 2530 3101 2597 albedo.
3147 2528 3213 2593 Si
3252 2536 3469 2594 autem

1922 2630 2065 2709 hoc,
2117 2634 2289 2715 quod
2333 2639 2426 2698 est
2468 2637 2627 2714 iste,
2674 2636 3066 2700 demonstrat
3105 2653 3466 2718 personam,

1923 2743 2079 2802 tunc
2117 2747 2212 2804 est
2255 2759 2430 2819 vera,
2472 2751 2535 2807 et
2575 2747 2670 2806 est
2713 2761 2937 2811 sensus
2971 2765 2985 2806 :
3018 2741 3328 2823 Christus,
3375 2762 3471 2806 se-

1923 2845 2209 2910 cundum
2253 2850 2426 2930 quod
2471 2854 2567 2914 est
2611 2850 2728 2914 iste
2751 2899 2767 2926 ,
2807 2851 2921 2932 qui
2962 2855 3056 2914 est
3093 2849 3288 2914 homo
3311 2895 3329 2926 ‚
3377 2854 3472 2913 est

1923 2970 2232 3035 persona3
2279 2956 2387 3021 sed
2439 2962 2591 3021 tunc
2640 2975 2772 3022 non
2821 2958 3110 3040 sequitur
3154 2979 3169 3019 ε
3225 2981 3255 3016 α
3296 2956 3471 3038 Er'go

1923 3061 2279 3126 secundum
2315 3064 2485 3146 quod
2516 3065 2747 3142 homo;
2778 3087 2809 3123 n
2845 3064 2976 3128 imo
3013 3067 3108 3127 est
3145 3062 3472 3147 sophisma

1922 3171 2278 3236 secundum
2317 3173 2626 3238 accidens.
2658 3172 3046 3238 Generaliter
3075 3180 3293 3236 autem
3329 3189 3472 3255 pos-

1922 3279 2017 3339 set
2063 3277 2270 3342 resisti
2325 3279 2414 3343 illi
2467 3280 2657 3345 modo
2716 3280 3072 3361 arguendi;
3124 3298 3256 3344 non
3296 3280 3469 3344 enim

1922 3383 2210 3466 sequitur
2253 3405 2271 3449 z
2320 3409 2351 3445 α
2400 3386 2624 3451 Petrus
2664 3392 2759 3452 oet
2793 3388 3203 3453 individuum
3249 3404 3471 3452 secun-

1923 3490 2079 3556 dum
2108 3493 2278 3575 quod
2305 3494 2412 3558 hic
2445 3494 2641 3559 homo
2685 3516 2700 3558 ε
2733 3513 2890 3576 ergo
2930 3498 3026 3558 est
3064 3493 3470 3558 individuum

1923 3600 2278 3664 seeundum
2305 3602 2476 3683 quod
2505 3602 2723 3666 homo.
2754 3622 2786 3660 n

2003 3713 2063 3772 Ξ.
2094 3708 2196 3773 Ad
2216 3709 2370 3774 illud
2397 3711 2570 3793 quod
2595 3709 2918 3792 obiicitur,
2948 3709 3119 3790 quod
3148 3704 3465 3783 Christus,

1922 3815 2275 3879 secundum
2326 3816 2496 3898 quod
2558 3816 2794 3894 hom0‚
2854 3817 2949 3879 est
3009 3830 3112 3877 res
3160 3812 3473 3894 completa

1923 3929 2102 3993 omni
2146 3931 2585 4013 completione,
2632 3929 2974 3994 dicendum
3024 3927 3196 4011 quod
3238 3945 3472 3992 -verum

1924 4041 2020 4100 est
2046 4037 2125 4101 de
2151 4037 2567 4121 completione
2594 4037 2882 4102 absoluta
2903 4055 2920 4116 ;
2949 4036 3028 4100 de
3055 4034 3474 4117 completione

1924 4149 2140 4209 autem
2185 4146 2566 4229 respectiva,
2597 4163 2743 4228 quae
2788 4148 2883 4209 est
2926 4144 3208 4226 dignitas
3246 4161 3471 4226 super·

1925 4253 2345 4331 excellentiae,
2377 4253 2709 4317 veritatem
2736 4270 2868 4316 non
2892 4253 3089 4317 habet
3119 4268 3136 4314 ε
3165 4269 3317 4314 nam
3345 4250 3476 4314 hu-

1926 4377 2121 4423 mana
2154 4365 2386 4425 natura
2424 4361 2493 4424 in
2526 4360 2772 4425 Christo
2812 4377 2941 4423 non
2974 4363 3071 4423 aet
3108 4357 3262 4441 quid
3291 4355 3475 4420 nobi-

1923 4467 2246 4531 lissimum
2274 4471 2437 4550 ejus,
2465 4468 2628 4532 sicut
2655 4468 2725 4532 in
2750 4467 2892 4531 aliis
2917 4464 3307 4531 hominibus
3344 4460 3475 4526 Nec

1925 4593 2009 4639 ex
2051 4575 2173 4638 hoc
2211 4575 2502 4658 sequitur
2537 4576 2708 4657 quod
2744 4575 2957 4638 minor
2983 4572 3066 4635 sit
3094 4571 3378 4652 dignitas
3407 4570 3478 4633 in

1926 4682 2174 4746 Christo
2218 4683 2572 4747 secundum
2631 4682 2804 4764 quod
2861 4682 3057 4745 homo
3079 4727 3097 4756 ‚
3142 4696 3340 4761 quam
3404 4677 3470 4742 in

1925 4788 2067 4853 aliis
2104 4789 2504 4868 hominibuS,
2537 4792 2794 4871 propter
2820 4788 2943 4850 hoc
2963 4835 2981 4864 ‚
3011 4786 3164 4868 quia
3190 4785 3299 4848 illa
3324 4784 3474 4865 dig-

1926 4896 2092 4959 nitas
2121 4901 2642 4978 recompensatur
2668 4913 2782 4978 per
2808 4893 3189 4975 dignitatem
3229 4891 3471 4974 impro-

1926 5002 2425 5084 portionabiliter
2470 5003 2869 5067 nobiliorem.
2913 5001 3110 5066 Multo
3144 4993 3320 5064 enim
3366 5017 3478 5063 no-

1926 5110 2119 5174 bilius
2147 5114 2243 5173 est
2279 5127 2415 5173 esse
2451 5127 2789 5192 personam
2817 5106 3261 5192 personalitate
3288 5109 3477 5170 aeter-

1928 5235 2033 5295 na,
2063 5235 2260 5299 quam
2290 5217 2732 5299 personalitate
2763 5219 2993 5304 creata.

2009 5328 2068 5388 3.
2097 5325 2191 5389 Ad
2229 5324 2382 5388 illud
2412 5323 2585 5407 quod
2611 5323 2942 5408 objicitur,
2972 5322 3146 5405 quod
3173 5320 3330 5386 unio
3359 5335 3479 5401 per

1930 5431 2207 5515 gratiam
2243 5449 2375 5496 non
2413 5432 2578 5496 tollit
2609 5431 2985 5514 dignitatem
3015 5445 3303 5512 personae
3325 5473 3344 5503 ,
3374 5424 3477 5489 di-
