4185 6288
129 262 143 355 σαι-Ὀ*

1352 497 1549 563 msT.
1593 496 1700 563 xl.
1743 496 1925 563 ΛΒΤ.
1972 496 2022 563 1.
2065 494 2363 575 QUAEST.
2407 496 2513 563 111.
3457 508 3576 569 249

385 622 631 704 factiva,
658 624 1056 708 dispositiva,
1074 631 1135 689 et
1162 623 1521 689 excitativa.
1540 622 1740 690 Omne
1753 623 1930 688 enim

385 731 552 813 quod
590 732 812 811 efficit,
841 731 944 797 vel
984 732 1282 815 disponit,
1313 731 1415 797 vel
1449 731 1680 796 excitat
1714 731 1928 814 dispo-

385 843 666 919 nentem,
699 840 805 904 vel
833 841 1231 920 efficientem,
1262 841 1478 925 aliquo
1508 841 1697 906 modo
1723 844 1928 924 potest

384 948 506 1012 dici
529 948 806 1028 efficere,
838 950 942 1014 vel
968 968 1249 1014 causare.
1298 949 1364 1015 Si
1391 968 1549 1032 ergo
1584 950 1926 1034 loquamur

383 1054 462 1118 de
500 1073 697 1119 causa
725 1055 1016 1122 effectiva
1042 1057 1320 1141 proprie,
1341 1058 1430 1122 sic
1457 1056 1925 1140 praedestinatio

382 1161 611 1228 Christi
665 1164 916 1229 ratione
975 1165 1294 1229 connotati
1351 1183 1481 1229 uon
1536 1169 1739 1247 potest
1791 1183 1926 1229 oese

378 1289 571 1335 causa
595 1275 816 1336 nostra
850 1272 1188 1355 :quoniam
1209 1273 1473 1338 effectus
1502 1277 1735 1339 nostrae
1764 1291 1924 1356 prae-

380 1378 821 1444 destinationis
837 1399 879 1444 a
894 1380 1028 1445 solo
1055 1380 1182 1445 Deo
1211 1384 1326 1459 est,
1353 1385 1663 1464 tauquam
1686 1400 1726 1445 a
1753 1382 1926 1464 prin·

379 1488 544 1569 cipio
571 1488 867 1554 effectivo
904 1491 923 1526 ¹
958 1511 974 1553 ε
1019 1492 1299 1572 qratiam
1338 1490 1510 1554 enim
1552 1497 1609 1556 et
1651 1491 1924 1573 aloriam

379 1594 561 1663 dabit
583 1597 920 1664 Dominus.
944 1596 1012 1661 Si
1032 1616 1182 1663 vero
1201 1597 1542 1680 loquamur
1566 1598 1921 1663 secundum

378 1702 535 1766 alios
559 1702 726 1768 duos
751 1703 996 1783 modos,
1023 1704 1256 1768 scilicet
1304 1704 1383 1768 de
1422 1722 1614 1768 causa
1663 1704 1923 1787 disposi-

378 1810 511 1875 tiva
554 1828 674 1894 per
697 1812 1008 1875 rationem
1052 1812 1260 1876 meriti
1278 1860 1297 1890 ,
1345 1816 1408 1876 et
1432 1814 1769 1877 excitativa
1814 1832 1920 1878 se-

377 1919 666 1984 cundum
709 1918 1054 1983 efficaciam
1098 1920 1405 2001 exempli,
1455 1920 1919 2001 praedestinatio

378 2023 605 2089 Christi
649 2030 970 2107 quantum
1013 2025 1094 2090 ad
1135 2031 1545 2091 connotatum
1590 2031 1686 2092 est
1729 2046 1920 2093 causa

376 2136 612 2197 nostrae
643 2151 662 2196 ε
695 2131 979 2196 Christus
1025 2134 1199 2197 enim
1239 2151 1354 2216 per
1404 2151 1586 2198 suam
1643 2135 1918 2215 gratiam

376 2244 613 2307 meruit
645 2242 835 2307 nobis
875 2243 1150 2324 gratiam
1194 2247 1259 2307 et
1302 2242 1597 2324 gloriam.
1639 2242 1920 2308 Christus

375 2351 566 2414 etiam
591 2368 709 2433 per
732 2369 873 2415 suae
899 2352 1126 2433 gratiae
1160 2356 1225 2416 et
1244 2351 1469 2433 gloriae
1506 2350 1919 2416 eminentiam

375 2459 777 2523 manifestam
802 2461 1100 2525 excitavit
1137 2479 1257 2525 nos
1297 2460 1377 2525 ad
1414 2459 1803 2524 currendum
1838 2460 1916 2525 ad

375 2567 648 2650 patriam
700 2585 1042 2649 supernam
1060 2616 1078 2647 ,
1132 2568 1213 2632 ad
1265 2585 1462 2650 quam
1508 2568 1918 2651 praeordinati

375 2689 601 2736 sumus
636 2673 993 2738 secundum
1039 2673 1410 2738 electionem
1456 2678 1785 2738 aeternam.
1839 2674 1920 2738 Et

374 2780 492 2844 hac
517 2784 627 2846 via
664 2781 1018 2864 procedunt
1051 2781 1357 2860 rationes„
1395 2799 1541 2863 quae
1577 2781 1918 2846 ostendunt

375 2887 602 2953 Christi
652 2887 1272 2971 praedestinationem
1318 2892 1550 2952 nostrae
1589 2889 1917 2970 praedesti-

373 2996 649 3061 nationis
691 3014 827 3060 esse
865 3012 1168 3060 causam:
1211 2999 1275 3059 et
1316 2996 1457 3061 ideo
1501 2996 1915 3062 concedendae

373 3107 544 3169 sunt.

449 3227 512 3285 1.
539 3220 641 3285 Ad
664 3220 825 3286 illud
862 3223 1034 3306 quod
1079 3224 1287 3306 primo
1321 3223 1622 3305 objicitur
1667 3223 1737 3285 in
1764 3240 1915 3287 con-

372 3328 669 3407 trarium,
725 3328 897 3411 quod
937 3329 1403 3411 praedestinatio
1430 3331 1656 3392 nostra
1684 3332 1780 3392 est
1823 3346 1915 3393 ae-

373 3441 576 3516 terna,
606 3452 792 3518 erge,
820 3440 938 3501 etc.
959 3486 978 3517 ,
1009 3437 1347 3502 dicendum
1374 3434 1545 3519 quod
1567 3455 1796 3503 verum
1820 3440 1915 3501 est

370 3544 617 3609 ratione
646 3545 1016 3628 principalis
1037 3546 1404 3627 significati,
1430 3565 1562 3610 non
1583 3550 1794 3610 tamen
1818 3565 1916 3610 ra-

373 3654 542 3718 tione
575 3654 918 3718 connotati.
948 3653 1028 3718 Et
1059 3654 1112 3717 si
1160 3653 1495 3736 objiciatur
1522 3656 1692 3737 quod
1729 3655 1914 3718 effec-

372 3762 477 3823 tus
542 3758 1119 3840 praedestimtionis
1165 3759 1529 3842 aliquorum
1596 3760 1913 3844 praecedat

375 3864 992 3947 praedestinationem
1057 3867 1285 3932 Christi
1314 3917 1333 3948 ,
1400 3868 1911 3952 respondendum

376 3975 487 4049 est,
549 3973 715 4036 sicut
765 3974 832 4037 in
859 3975 1238 4056 praeeedenti
1283 3975 1692 4058 problemate,
1740 3978 1911 4060 quod

375 4079 485 4142 etsi
513 4081 828 4163 praecedat
871 4084 1185 4163 quantum
1226 4080 1305 4146 ad
1337 4082 1630 4148 effectum
1657 4084 1907 4166 gratiae,

373 4205 498 4250 non
550 4192 767 4253 tamen
812 4192 1126 4270 quantum
1172 4190 1252 4254 ad
1313 4191 1608 4255 effectum
1659 4192 1906 4273 gloriae.

373 4288 635 4371 RursuS,
684 4292 979 4374 quamvis
1027 4293 1339 4375 praecedat
1390 4313 1484 4373 re,
1514 4313 1647 4359 non
1695 4298 1911 4361 tamen

374 4403 600 4467 merito
625 4407 691 4467 et
716 4403 1086 4469 credulitate
1116 4427 1131 4468 ε
1159 4406 1462 4470 meritum
1488 4406 1661 4471 enim
1682 4406 1911 4472 Christi

372 4523 497 4569 non
547 4510 801 4571 tantum
830 4507 911 4571 ad
959 4512 1322 4589 praesentes,
1349 4508 1454 4575 vel
1482 4509 1752 4590 futuros,
1801 4512 1909 4576 sed

370 4613 614 4677 ratione
656 4613 802 4677 fidei
842 4614 1035 4677 etiam
1062 4632 1129 4678 se
1165 4616 1447 4681 extendit
1490 4617 1570 4681 ad
1619 4620 1909 4699 praeteri-

371 4722 463 4783 tos
491 4743 506 4782 ε
557 4721 732 4803 quod
761 4721 991 4786 melius
1018 4722 1182 4786 infra
1209 4724 1233 4759 ⁸
1257 4724 1761 4790 manifestabitur
1789 4746 1907 4793 suo

369 4824 520 4893 loco.

444 4940 483 5000 2
531 4939 597 5001 et
651 4940 712 5000 3.
769 4937 869 5001 Ad
921 4937 1081 5002 illud
1131 4940 1304 5021 quod
1357 4940 1675 5022 objicitur,
1735 4944 1906 5026 quod

371 5040 653 5108 Christus
681 5043 1037 5108 secundum
1061 5045 1414 5111 humanam
1440 5053 1737 5113 naturam
1775 5069 1906 5115 non

368 5149 456 5211 est
481 5166 672 5213 causa
697 5147 932 5229 gratiae
958 5148 1064 5214 vel
1091 5148 1339 5230 gloriae,
1366 5150 1704 5216 dicendum
1732 5156 1902 5237 quod

366 5251 479 5313 etsi
505 5270 639 5315 non
668 5253 763 5315 est
777 5267 975 5314 causa
996 5249 1306 5329 effectiva,
1335 5258 1429 5317 est
1453 5258 1668 5319 tamen
1688 5257 1904 5340 dispo·

366 5354 544 5421 sitiva
566 5361 628 5422 et
654 5356 1001 5423 excitativa
1034 5379 1050 5421 :
1082 5362 1146 5422 et
1169 5358 1292 5422 hoc
1331 5359 1520 5425 modo
1547 5360 1784 5427 dictum
1811 5367 1905 5430 est

431 5482 449 5520 ¹
476 5480 602 5535 Ptol.
635 5492 871 5545 unm,
899 5485 980 5532 12.
998 5507 1061 5521 --
1079 5483 1102 5520 ⁸
1127 5481 1258 5535 nist.
1279 5494 1429 5539 xvm.
1449 5511 1512 5527 -
1527 5485 1550 5522 ⁸
1580 5487 1707 5540 Dist.
1737 5500 1827 5542 vn.

2042 623 2216 706 quod
2239 623 2698 707 ptaedestinatio
2723 622 2952 689 Christi
2989 627 3222 691 nostrae
3249 628 3580 711 praedesti-

2040 730 2317 794 nationis
2343 735 2438 795 est
2457 749 2668 795 causa.
2705 730 2783 796 Et
2808 750 2921 814 per
2945 732 3069 797 hoc
3092 739 3262 816 patet
3308 753 3580 818 sequens

2038 838 2208 921 quod
2237 838 2555 921 objicitur,
2584 839 2751 921 quod
2803 839 3009 921 gratia
3044 844 3107 903 et
3159 841 3367 922 gloria
3390 861 3430 905 a
3452 842 3578 907 Deo

2037 949 2133 1010 est
2159 949 2463 1028 tanquam
2486 965 2526 1009 a
2552 965 2763 1011 causa.
2795 945 3029 1011 Verum
3068 952 3194 1028 est,
3247 949 3303 1012 si
3331 950 3577 1014 dicatur

2036 1052 2116 1117 de
2132 1053 2450 1132 effectiva;
2482 1054 2621 1118 aliis
2647 1059 2861 1120 autem
2884 1055 3087 1120 modis
3112 1074 3242 1121 non
3266 1057 3459 1121 habet
3470 1076 3577 1122 ve-

2034 1159 2308 1224 ritatem.

2116 1272 2177 1331 A.
2209 1268 2304 1332 Ad
2347 1268 2502 1333 illud
2548 1270 2715 1351 quod
2754 1269 3078 1351 objicitur,
3127 1271 3297 1353 quod
3326 1272 3574 1335 contin-

2033 1394 2198 1459 gens
2243 1393 2374 1440 non
2425 1380 2520 1440 est
2570 1395 2762 1441 causa
2816 1378 3173 1457 necessarii,
3230 1377 3572 1442 dicendum

2034 1484 2206 1568 quod
2234 1502 2460 1548 verum
2487 1488 2602 1562 est,
2631 1484 2683 1548 si
2710 1484 3107 1566 intelligatur
3131 1485 3209 1549 de
3253 1503 3445 1549 causa
3472 1487 3570 1549 ef·-

2034 1592 2281 1657 ssciente
2321 1597 2385 1657 et
2420 1598 2875 1672 conservante;
2907 1612 3040 1659 non
3076 1599 3291 1659 tamen
3322 1599 3571 1677 oportet

2030 1718 2166 1764 esse
2196 1719 2424 1766 verum
2453 1701 2529 1765 de
2557 1719 2747 1765 causa
2772 1702 3108 1767 excitante.
3127 1700 3337 1767 Potest
3355 1707 3571 1767 tamen

2031 1814 2096 1873 et
2121 1809 2301 1874 aliter
2346 1810 2492 1891 dici,
2523 1811 2695 1894 quod
2720 1815 2816 1876 est
2842 1813 3271 1877 necessarium
3295 1812 3565 1894 duplici-

2028 1920 2127 1982 ter
2158 1937 2176 1982 :
2206 1936 2337 1982 uno
2362 1919 2552 1983 modo
2579 1919 2748 2003 quod
2775 1923 2872 1984 est
2909 1920 3333 1984 necessarium
3361 1939 3477 2002 per
3499 1939 3567 1984 se

2029 2031 2094 2091 et
2124 2028 2528 2110 simpliciter3
2558 2027 2682 2092 alio
2717 2028 2929 2108 mode,
2957 2029 3129 2111 quod
3166 2032 3261 2092 est
3288 2048 3569 2094 neeessa-

2029 2133 2203 2198 rium
2228 2139 2485 2218 propter
2500 2135 2645 2214 hoc,
2672 2135 2841 2217 quod
2870 2135 3115 2199 transiit
3133 2136 3213 2218 (a)
3242 2137 3305 2200 in
3335 2141 3570 2220 praete-

2027 2241 2253 2321 ritum,
2282 2243 2446 2306 sicut
2472 2260 2577 2306 me
2605 2243 2927 2326 scripsisse
2955 2243 3143 2308 hodie
3174 2249 3276 2307 :et
3303 2244 3462 2310 illud
3487 2246 3568 2311 de
3615 2317 3622 2325 ,

2026 2348 2129 2412 sui
2175 2353 2407 2412 natura
2448 2354 2543 2413 est
2586 2351 2960 2431 contingens
2994 2373 3009 2414 ε
3043 2355 3107 2414 et
3141 2354 3399 2433 propter
3448 2352 3572 2416 hoc

2027 2454 2189 2519 nihil
2212 2456 2474 2540 impedit
2499 2459 2712 2541 ipsum
2757 2457 2993 2522 habere
3033 2476 3291 2520 causam
3322 2458 3575 2521 coutin-

2026 2568 2309 2644 gentem.
2355 2563 2565 2630 Potest
2613 2565 2807 2629 etiam
2852 2565 3162 2646 distingui
3211 2565 3292 2630 de
3321 2566 3571 2629 eontin-

2025 2674 2242 2752 gente,
2275 2671 2443 2753 quod
2473 2672 2793 2754 quoddam
2841 2676 2935 2736 est
2978 2672 3358 2753 contingens
3396 2674 3570 2755 quod

2027 2777 2259 2859 pendet
2302 2797 2341 2841 a
2392 2778 2791 2843 vertibilitate
2843 2778 3195 2844 voluntatis
3262 2779 3570 2845 humauae

2025 2889 2088 2949 et
2133 2903 2343 2949 causae
2369 2891 2630 2965 creatae3
2675 2887 2994 2970 quoddam
3020 2891 3275 2971 propter
3299 2887 3566 2953 liberta-

2024 2995 2156 3056 tem
2207 2995 2271 3055 et
2332 2993 2826 3059 indifferentiam
2894 2994 3126 3060 divinae
3179 2995 3523 3059 voluntatis
3545 3044 3564 3076 ,

2024 3117 2171 3184 quae
2197 3104 2402 3184 potest
2426 3103 2630 3168 facere
2656 3107 2719 3168 et
2740 3121 2870 3169 nou
2898 3105 3123 3170 tacere.
3157 3101 3238 3168 Et
3267 3103 3567 3187 quamvis

2023 3209 2306 3292 primum
2360 3210 2743 3293 contingens
2785 3230 2918 3277 non
2957 3216 3168 3295 posset
3212 3230 3349 3278 esse
3376 3230 3568 3276 causa

2023 3318 2390 3397 necessarii,
2421 3318 2581 3382 nihil
2607 3323 2824 3384 tamen
2852 3319 3117 3403 impedit
3157 3321 3237 3385 de
3262 3321 3561 3386 secundo·

2023 3422 2266 3489 Medius
2296 3425 2369 3508 (b)
2401 3430 2616 3490 autem
2646 3427 2877 3491 modus
2907 3427 3153 3491 dicendi
3190 3427 3444 3491 videtur
3469 3446 3567 3491 ra-

2024 3531 2403 3596 tionabilior.
2429 3532 2508 3597 Et
2542 3534 2595 3598 si
2620 3539 2696 3598 tu
2742 3535 3005 3618 oincias
3045 3536 3214 3618 quod
3244 3536 3403 3600 illud
3431 3554 3566 3600 non

2021 3639 2235 3717 solvit,
2263 3641 2417 3724 quia
2444 3642 2648 3725 posito
2696 3643 2868 3725 quod
2898 3641 3182 3707 Christus
3224 3660 3356 3707 non
3402 3647 3566 3708 esset

2020 3747 2411 3828 incarnatus,
2440 3749 2649 3813 adhuc
2666 3749 2832 3813 alius
2858 3749 3089 3814 modus
3118 3753 3254 3813 erat
3285 3748 3566 3831 Deopos-

2020 3857 2240 3937 sibilis,
2274 3875 2388 3939 per
2411 3875 2605 3941 quem
2635 3876 2844 3939 genus
2882 3858 3247 3922 humanum
3291 3861 3453 3922 esset
3477 3857 3566 3921 li-

2020 3964 2344 4044 beratum;
2442 3983 2601 4047 ergo
2680 3970 2928 4029 remota
3007 3965 3561 4049 praedestinatione

2020 4073 2268 4154 Christi,
2299 4073 2511 4139 adhuc
2538 4074 2715 4138 salva
2739 4079 2902 4138 esset
2929 4073 3396 4156 praedestinatio
3410 4091 3562 4136 nos-

2019 4186 2117 4245 tra
2138 4204 2154 4260 ;
2183 4200 2345 4263 ergo
2370 4201 2498 4247 non
2518 4186 2614 4247 est
2639 4199 2867 4246 causa:
2899 4181 3237 4246 dicendum
3255 4181 3425 4265 quod
3439 4180 3560 4245 hoc

2017 4307 2150 4353 non
2177 4290 2369 4373 cogit,
2399 4292 2569 4375 quod
2588 4309 2720 4353 non
2742 4291 2824 4354 sit
2839 4308 3068 4368 causa3
3101 4289 3208 4354 sed
3230 4288 3402 4373 quod
3430 4307 3565 4353 non

2017 4396 2099 4460 sit
2125 4416 2317 4462 eausa
2346 4402 2498 4479 tota,
2542 4402 2604 4463 et
2641 4417 2755 4481 per
2799 4416 3060 4463 omnem
3113 4397 3377 4461 modum
3403 4416 3564 4461 cau-

2016 4504 2227 4584 sandi;
2260 4509 2354 4570 est
2377 4508 2593 4570 tamen
2617 4524 2730 4589 per
2756 4505 3034 4587 aliquem
3065 4505 3365 4583 modum;
3398 4504 3563 4568 sicut

2016 4610 2182 4676 Deus
2205 4613 2351 4677 facit
2384 4632 2496 4696 per
2511 4614 2793 4696 aliquem
2822 4612 3148 4676 hominem
3175 4611 3560 4693 aliquodbo-

2014 4738 2198 4798 num,
2230 4723 2293 4784 et
2332 4721 2386 4784 si
2414 4721 2519 4785 ille
2560 4721 2753 4785 homo
2771 4738 2903 4784 non
2920 4723 3104 4795 esset,
3134 4719 3559 4783 nihilominus

2014 4826 2278 4905 faceret;
2309 4832 2372 4891 et
2399 4829 2612 4891 tamen
2640 4845 2772 4891 non
2800 4826 3089 4909 sequitur
3116 4830 3370 4909 propter
3405 4826 3551 4907 hoc,

2012 4934 2185 5016 quod
2212 4933 2317 4998 ille
2343 4952 2477 4999 non
2499 4936 2581 4998 sit
2601 4954 2793 5000 causa
2827 4957 2842 4998 ε
2875 4952 3007 4997 non
3036 4934 3211 4998 enim
3258 4932 3426 4998 valet
3450 4934 3556 4998 hie

2013 5041 2243 5105 modus
2267 5041 2583 5123 arguendi
2610 5041 2681 5105 in
2706 5040 3105 5108 voluntariis.
3136 5038 3212 5104 Et
3237 5040 3377 5104 haec
3415 5041 3554 5104 suf-

2010 5148 2229 5213 ficiant
2285 5148 2363 5213 de
2416 5147 2968 5232 praedestinatione
3012 5145 3240 5211 Christi
3292 5165 3331 5210 a
3376 5149 3555 5229 parte

2011 5257 2127 5323 rei.
2180 5256 2387 5341 Supra
2411 5257 2433 5293 ⁸
2460 5255 2636 5322 enim
2688 5256 3037 5340 quaesitum
3081 5253 3202 5319 fuit
3251 5254 3331 5320 de
3383 5273 3459 5320 ea
3513 5271 3554 5318 a

2010 5370 2191 5451 parte
2213 5364 2545 5430 sermonis.

2076 5492 2142 5555 (a)
2165 5492 2293 5542 cat.
2311 5489 2435 5541 «ια.
2464 5488 2662 5542 transit.
2676 5515 2738 5528 -
2757 5487 2822 5554 (b)
2852 5488 3052 5542 neum.
