4185 6288
697 416 817 474 608

700 542 942 626 aliquid
966 541 1155 607 addat
1179 541 1567 608 absolutum.
1593 542 1769 607 Unde
1793 542 1870 606 ad
1895 539 2112 605 omnia
2134 538 2244 602 illa

699 650 1213 715 inconvenientia
1242 649 1614 715 declinanda
1640 649 1961 713 sufficiens
1990 646 2243 709 videtur

698 757 820 822 hoc
838 777 973 822 esse
986 758 1352 836 dicendum,
1378 757 1611 821 scilicet
1623 757 1794 840 quod
1818 756 2006 820 addat
2034 753 2242 817 solum

699 870 1059 947 respectum
1113 866 1194 929 ad
1243 884 1405 948 opus
1460 865 1974 929 determinatum.
2022 860 2134 925 Est
2182 864 2246 922 et

700 973 866 1038 alius
911 973 1138 1038 modus
1186 973 1432 1037 dicendi
1453 1020 1472 1052 ,
1519 972 1692 1054 quod
1749 970 2025 1035 charitas
2076 968 2248 1032 ultra

705 1082 979 1162 gratiam
1008 1084 1270 1162 gratum
1294 1080 1629 1143 facientem
1656 1077 1806 1141 dicit
1831 1077 2109 1158 aliquem
2137 1075 2244 1138 ha·

709 1191 914 1255 bitum
941 1240 958 1270 ,
993 1209 1122 1273 quo
1154 1188 1468 1254 mediante
1508 1188 1811 1252 assuescit
1853 1187 1991 1269 ipsa
2022 1188 2243 1266 poten-

466 1302 682 1359 opium.
711 1299 800 1361 tia
844 1297 1151 1378 diligendi
1202 1296 1281 1360 ad
1328 1300 1543 1361 actum
1590 1295 1943 1378 proprium.
2003 1291 2080 1356 Et
2124 1291 2247 1354 hoc

710 1405 966 1488 quidem
992 1405 1209 1472 dicunt
1234 1423 1368 1468 esse
1396 1402 1859 1480 necessarium,
1890 1404 2027 1464 tum
2057 1417 2246 1486 prop—

709 1517 806 1575 ter
831 1512 1225 1576 essentialem
1249 1510 1671 1576 differentiam
1696 1558 1712 1583 ‚
1744 1527 1890 1590 quae
1934 1513 2029 1571 est
2077 1507 2246 1569 inter

707 1619 861 1683 alias
873 1618 1140 1683 virtutes
1166 1623 1230 1683 et
1256 1611 1649 1697 charitatem,
1667 1635 1815 1699 quae
1830 1615 2087 1697 quidem
2110 1631 2242 1678 non

707 1730 912 1809 potest
937 1744 1073 1790 esse
1088 1744 1200 1808 per
1215 1724 1645 1790 diversitatem
1664 1741 1809 1800 quae
1840 1723 1919 1786 sit
1947 1721 2018 1785 in
2032 1721 2245 1802 gratia

707 1837 966 1912 gratum
991 1832 1286 1910 faciente,
1317 1851 1467 1896 cum
1495 1832 1634 1913 ipsa
1668 1831 1749 1894 sit
1776 1848 1908 1895 una
1931 1877 1949 1906 ,
1982 1828 2147 1891 sicut
2173 1827 2244 1890 in

707 1942 983 2006 secundo
1037 1941 1201 2005 libro
1254 1944 1582 2004 ostensum
1630 1943 1723 2003 est
1753 1940 1768 1973 ¹
1797 1956 1814 2017 ;
1862 1943 2003 2000 tum
2050 1935 2243 1999 etiam

708 2054 964 2131 propter
1008 2054 1188 2112 actus
1229 2047 1430 2129 ipsius
1473 2045 1925 2128 specialitatem
1970 2047 2033 2107 et
2076 2042 2241 2106 diffl-

707 2156 1006 2220 cultatem
1025 2205 1043 2233 ,
1073 2159 1362 2238 respectu
1389 2156 1573 2236 cujus
1614 2151 1962 2234 requiritur
1986 2148 2246 2213 habitus

707 2264 1073 2345 specificans
1092 2311 1110 2339 ‚
1137 2265 1200 2325 et
1236 2260 1664 2325 determinans
1705 2258 1981 2339 gratiam
2018 2256 2099 2321 ad
2144 2259 2243 2320 ta-

707 2372 833 2434 lem
857 2389 1076 2448 usum,
1107 2374 1170 2434 et
1193 2368 1533 2432 habilitans
1562 2364 1933 2449 potentiam,
1963 2369 2034 2428 ut
2059 2367 2246 2428 exeat

707 2479 777 2542 in
804 2483 1018 2542 actum
1046 2496 1260 2541 suum.
1292 2474 1368 2538 Et
1394 2475 1546 2539 huic
1587 2474 1775 2538 modo
1811 2471 2058 2537 dicendi
2092 2473 2246 2536 satis

708 2585 1045 2649 concordat
1080 2582 1419 2647 auctoritas
1445 2580 1778 2659 Bernardi,
1817 2597 1963 2662 quae
2002 2580 2152 2644 dicit
2177 2579 2244 2642 in

709 2694 911 2775 capite
938 2691 1275 2756 undecimo
1302 2689 1381 2753 de
1416 2705 1635 2752 amore
1672 2686 1815 2766 Dei,
1848 2686 2014 2770 quod
2050 2686 2247 2750 libera

709 2802 1006 2866 voluntas
1032 2799 1177 2863 data
1215 2803 1310 2861 est
1349 2797 1637 2875 homini,
1678 2813 1825 2878 quae
1869 2813 2017 2858 cum
2057 2794 2246 2875 adju-

710 2907 884 2971 vanti
914 2904 1249 2970 concordat
1275 2904 1526 2985 gratiae,
1561 2902 1820 2967 virtutis
1841 2902 2067 2983 accipit
2094 2919 2244 2983 pro-

708 3013 942 3074 fectum
983 3014 1047 3073 et
1085 3026 1356 3085 nomen,
1400 3012 1463 3070 et
1502 3024 1685 3070 amor
1734 3004 2050 3082 efficitur3
2095 3021 2245 3067 cum

711 3137 861 3184 vero
889 3117 1008 3182 sibi
1037 3115 1297 3182 dimissa
1323 3115 1529 3198 seipsa
1567 3113 1694 3179 frui
1732 3112 1903 3192 vult,
1933 3112 2003 3178 in
2041 3112 2248 3194 seipsa

707 3227 806 3289 sui
837 3225 1074 3308 patitur
1099 3224 1411 3287 defectum
1430 3270 1450 3301 ,
1481 3227 1544 3286 et
1570 3225 1728 3304 quot
1754 3220 1932 3298 vitia,
1953 3223 2045 3284 tot
2068 3220 2248 3285 vitio—

708 3351 860 3416 rum
885 3332 1146 3397 sortitur
1171 3330 1464 3408 nomina,
1493 3333 1567 3394 ut
1595 3328 1954 3411 cupiditatis
1979 3375 1997 3402 ,
2027 3326 2246 3391 avari-

711 3440 841 3518 tiae,
866 3438 1165 3503 luxuriae.
1192 3436 1288 3501 Ex
1311 3455 1440 3519 quo
1467 3436 1790 3513 innuitur,
1817 3433 1984 3517 quod
2005 3432 2245 3515 aliquid

712 3552 808 3611 est
840 3566 923 3612 ex
956 3549 1131 3628 parte
1172 3544 1519 3609 voluntatis
1558 3548 1790 3607 nostras
1830 3541 2004 3623 quod
2050 3541 2244 3606 adve-

712 3658 923 3721 niente
947 3656 1155 3736 gratia
1171 3655 1244 3717 sst
1269 3654 1496 3729 virtus,
1524 3657 1588 3717 et
1609 3671 1741 3717 non
1766 3656 1863 3716 est
1893 3652 2013 3715 nisi
2040 3652 2248 3716 virtus

711 3764 1064 3842 charitatis,
1095 3762 1173 3827 de
1199 3781 1328 3844 qua
1366 3761 1648 3843 loquitur
1675 3759 1763 3824 ibi
1794 3778 1811 3822 ε
1841 3776 2000 3840 ergo
2035 3758 2245 3822 chari-

711 3874 856 3936 tatis
877 3872 1130 3935 habitus
1153 3870 1324 3933 ultra
1351 3869 1627 3951 gratiam
1644 3864 2007 3931 'secundum
2032 3866 2247 3947 ipsum

713 3981 950 4063 aliquid
971 3979 1144 4044 dicit.
1175 3978 1341 4044 Satis
1366 3979 1560 4042 etiam
1588 3976 1838 4040 videtur
1858 3975 1999 4039 haec
2020 3975 2247 4056 positio

712 4106 988 4153 consona
1026 4086 1255 4151 rationi
1288 4108 1303 4150 t
1335 4086 1490 4168 quia
1530 4085 1694 4148 sicut
1731 4085 1887 4147 fides
1924 4082 2251 4146 concernit

712 4213 1073 4273 assensum,
1106 4194 1198 4257 sic
1235 4193 1510 4257 charitas
1538 4190 1860 4256 concernit
1894 4189 2194 4253 affectum
2226 4211 2241 4252 :

712 4308 776 4366 et
805 4303 970 4366 sicut
993 4301 1278 4383 cognitio
1305 4299 1546 4382 aliquid
1575 4303 1669 4363 est
1699 4297 1999 4363 differens
2024 4316 2064 4360 a
2090 4314 2246 4377 gra-

713 4411 799 4474 tia
828 4415 1089 4491 gratum
1119 4408 1408 4482 faciente,
1436 4407 1527 4469 sic
1556 4405 1748 4469 etiam
1776 4408 1840 4468 et
1860 4403 2110 4468 dilectio
2139 4425 2154 4467 ε
2187 4405 2250 4466 et

712 4520 875 4583 sicut
889 4519 1043 4582 fldes
1055 4515 1381 4581 concernit
1397 4514 1853 4595 cognitionem,
1871 4511 1960 4575 ita
1974 4510 2250 4574 charitas

712 4627 1110 4691 affectionem
1129 4672 1146 4700 ,
1172 4622 1525 4687 secundum
1563 4619 1723 4684 illud
1759 4618 1929 4701 quod
1960 4618 2111 4682 dicit
2124 4619 2251 4682 Au-

712 4734 1009 4817 gustinus
1045 4732 1113 4795 in
1145 4728 1489 4811 Solz'loquio
1531 4748 1556 4792 .·
1594 4750 1624 4785 α
1657 4725 1938 4789 Charitas
1981 4731 2076 4790 est
2126 4746 2250 4790 rec-

714 4843 957 4906 tissima
999 4839 1204 4904 animi
1250 4837 1530 4912 affectio,
1573 4853 1704 4918 qua
1749 4834 2041 4916 diligitur
2085 4833 2250 4897 Deus

713 4952 969 5031 propter
989 4966 1088 5026 se,
1121 4949 1186 5010 et
1210 4944 1544 5028 proximus
1572 4945 1829 5025 propter
1858 4941 2079 5005 Deum.
2111 4963 2140 4999 n
2174 4940 2252 5004 Et

709 5057 920 5138 ipsum
967 5055 1135 5118 idem
1176 5052 1405 5115 dicitur
1452 5051 1519 5113 in
1562 5050 1726 5113 libro
1771 5049 1873 5114 De·
1904 5049 2158 5130 Spiritu
2193 5053 2253 5115 et

711 5166 980 5241 Anima,
1021 5162 1187 5225 circa
1229 5159 1615 5243 principium
1648 5179 1663 5221 ε
1717 5179 1748 5216 α
1779 5155 2057 5221 Ornandi
2100 5161 2254 5221 sunt

710 5270 909 5333 animi
949 5268 1213 5332 affectus
1257 5266 1336 5331 ad
1382 5265 1477 5343 id,
1525 5263 1695 5347 quod
1741 5263 1973 5328 debent
2002 5311 2021 5343 ‚
2063 5270 2139 5329 ut
2184 5265 2251 5328 in

776 5394 797 5429 ¹
821 5393 947 5445 Dist-
974 5402 1143 5447 xxva.

1799 402 2424 472 SENTENTIARUM
2464 404 2615 471 LlB.
2664 405 2771 472 111.

2357 543 2708 608 virtutibus
2731 543 3035 632 proficere
3064 541 3322 624 possint.
3345 564 3376 600 n
3397 543 3479 608 Et
3500 548 3697 628 paulo
3726 555 3905 631 post:

2366 675 2394 708 a
2424 650 2623 715 Amor
2662 670 2778 735 per
2818 651 3037 715 odium
3077 649 3177 713 sui
3223 652 3471 733 proficit
3511 654 3581 718 in
3616 676 3912 722 amorem

2358 757 2465 821 Dei
2493 763 2556 821 et
2578 758 2878 840 proximi.
2910 781 2940 816 n
2981 756 3145 821 Satis
3187 775 3346 838 ergo
3378 759 3634 826 videtur
3673 764 3913 828 rationi

2356 882 2709 929 consonum
2737 867 2967 945 dicere,
3000 865 3174 948 quod
3197 866 3364 932 sicut
3380 869 3589 935 virtus
3612 872 3771 936 fidei
3797 873 3912 936 ali-

2355 988 2550 1053 quem
2611 972 2906 1037 habitum
2957 973 3281 1037 concernit
3331 980 3563 1057 praeter
3622 978 3910 1059 gratiam

2357 1082 2619 1157 gratum
2645 1080 2976 1143 facientem
2991 1127 3007 1157 ,
3038 1080 3130 1144 sic
3160 1086 3224 1144 et
3253 1081 3512 1147 habitus
3545 1084 3903 1149 charitatis.

2355 1182 2434 1247 Et
2474 1185 2597 1249 hoc
2639 1186 2789 1249 satis
2834 1187 3134 1253 videntur
3177 1188 3642 1255 rationabiliter
3689 1196 3907 1257 osten-

2355 1292 2504 1357 dere
2533 1294 2809 1358 rationes
2845 1294 2925 1359 ad
2966 1296 3155 1359 istam
3197 1301 3444 1378 partem
3488 1298 3806 1363 adductae.
3841 1299 3906 1364 Si

2355 1399 2504 1481 quis
2531 1419 2693 1481 ergo
2725 1402 2880 1466 velit
2904 1403 3071 1467 hanc
3097 1408 3344 1486 partem
3371 1406 3717 1483 sustinere,
3750 1409 3906 1470 satis

2354 1510 2560 1587 potest
2583 1508 2851 1573 faciliter
2876 1511 2958 1575 ad
2983 1511 3261 1574 rationes
3279 1559 3297 1590 ,
3322 1530 3473 1594 quae
3489 1513 3907 1579 adducuntur

2356 1612 2422 1675 in
2446 1616 2833 1680 contrarium
2852 1664 2873 1695 ,
2904 1617 3310 1700 respondere.

2438 1726 2466 1783 1
2481 1768 2496 1783 .
2514 1720 2611 1785 Ad
2631 1721 2787 1785 illud
2806 1722 2978 1804 quod
2996 1724 3204 1806 primo
3217 1724 3540 1806 objicitur,
3562 1727 3736 1808 quod
3750 1728 3896 1791 cha-

2355 1827 2511 1892 ritas
2534 1829 2838 1894 informat
2858 1833 3119 1895 caeteras
3131 1831 3427 1907 virtutes,
3445 1832 3620 1914 quod
3644 1837 3741 1897 est
3758 1852 3901 1916 pro-

2355 1935 2572 2015 prium
2588 1935 2786 2017 ipsius
2799 1938 3048 2017 gratiae,
3066 1937 3407 2003 dicendum
3419 1940 3594 2021 quod
3607 1946 3707 2004 ent
3719 1941 3895 2023 loqui

2354 2039 2432 2104 de
2465 2041 2815 2106 virtutibus
2840 2048 3155 2124 quantum
3181 2045 3261 2108 ad
3286 2064 3458 2124 esse,
3485 2051 3551 2109 et
3582 2053 3899 2130 quantum

2354 2147 2434 2212 ad
2454 2148 2615 2213 bene
2645 2168 2805 2229 esse,
2824 2155 2888 2215 et
2907 2154 3222 2232 quantum
3241 2152 3322 2217 ad
3341 2152 3508 2217 bene
3526 2155 3784 2236 operari
3811 2175 3827 2217 t
3847 2154 3899 2217 si

2352 2261 2666 2337 quantum
2700 2258 2780 2321 ad
2817 2276 2978 2338 esse,
3020 2259 3110 2323 sic
3140 2259 3444 2341 quaelibet
3470 2261 3686 2325 virtus
3720 2262 3901 2326 habet

2355 2363 2421 2426 in
2441 2366 2645 2447 seipsa
2658 2367 2983 2450 propriam
3010 2368 3309 2447 formam,
3327 2387 3662 2452 perquam
3692 2371 3906 2435 distin-

2356 2472 2585 2551 guitur
2602 2474 2683 2537 ab
2705 2474 2852 2554 alia,
2882 2480 2956 2538 ut
2968 2474 3124 2539 fides
3141 2492 3305 2558 aspe
3325 2477 3410 2540 :si
3443 2482 3666 2541 autem
3694 2477 3906 2561 loqua-

2354 2595 2503 2643 mur
2517 2580 2591 2644 de
2615 2580 2768 2662 ipsis
2790 2585 3108 2663 quantum
3124 2582 3206 2646 ad
3230 2583 3394 2648 bene
3407 2602 3571 2664 esse,
3594 2586 3692 2648 sic
3706 2586 3901 2649 infor-

2353 2693 2614 2752 mantur
2643 2707 2682 2751 a
2709 2689 2920 2770 gratia
2940 2736 2957 2766 ,
2990 2707 3139 2772 quae
3166 2689 3314 2753 facit
3340 2690 3508 2773 ipsas
3535 2693 3863 2772 gratuitas
3880 2741 3899 2770 ,

2353 2800 2415 2859 et
2442 2796 2567 2859 Deo
2593 2799 2878 2878 acceptas
2909 2819 2923 2859 :
2960 2796 3013 2858 si
3041 2796 3388 2879 loquamur
3427 2797 3507 2861 de
3553 2799 3906 2863 virtutibus

2353 2906 2670 2984 quantum
2698 2903 2779 2966 ad
2823 2903 2987 2966 bene
3032 2904 3322 2985 operari,
3355 2905 3444 2967 sic
3473 2905 3909 2971 informantur

2354 3026 2393 3072 a
2424 3008 2732 3073 charitate
2754 3056 2771 3088 ,
2816 3026 2964 3091 quae
3008 3015 3103 3073 est
3144 3009 3395 3091 pondus
3438 3011 3758 3076 inclinans
3780 3062 3801 3091 ,
3848 3017 3908 3076 et

2361 3115 2601 3181 faciens
2636 3116 2892 3182 tendere
2937 3117 3335 3200 operationes
3375 3117 3675 3184 omnium
3703 3120 3903 3186 virtu·

2353 3228 2496 3288 tum
2525 3223 2604 3287 ad
2646 3225 2891 3290 bonum
2931 3224 3168 3302 finem3
3202 3229 3265 3289 et
3294 3225 3386 3289 sic
3429 3225 3555 3289 alio
3585 3227 3780 3291 modo
3807 3229 3903 3291 in-

2353 3329 2585 3394 format
2608 3332 2816 3413 gratia
2831 3378 2851 3409 ,
2882 3331 3006 3395 alio
3046 3331 3237 3397 modo
3270 3332 3582 3397 charitas:
3614 3338 3681 3399 et
3707 3353 3898 3418 prop-

2314 3427 2322 3435 ’
2353 3439 2526 3501 terea
2566 3455 2694 3502 non
2736 3439 3026 3521 sequitur
3048 3487 3066 3517 ,
3096 3439 3270 3520 quod
3314 3439 3484 3504 inter
3522 3441 3899 3506 charitatem

2354 3547 2419 3607 et
2441 3544 2717 3625 gratiam
2744 3544 2923 3609 nulla
2948 3545 3029 3609 sit
3054 3546 3406 3611 essentialis
3431 3547 3819 3613 differentia.

2433 3656 2494 3715 2.
2526 3651 2623 3716 Ad
2651 3651 2808 3716 illud
2834 3652 3009 3734 quod
3046 3645 3348 3735 objicitur
3367 3703 3386 3734 ,
3420 3654 3596 3737 quod
3623 3656 3900 3721 charitas

2353 3763 2446 3822 est
2461 3758 2705 3823 donum
2724 3759 3356 3842 excellentissimum,
3373 3761 3720 3828 dicendum
3732 3764 3902 3847 quod

2355 3866 2630 3930 charitas
2671 3884 2803 3929 non
2845 3870 3181 3948 separatur
3221 3886 3259 3930 a
3303 3869 3514 3950 gratia
3536 3916 3555 3945 ,
3604 3872 3902 3953 quamvis

2354 3972 2593 4056 aliquid
2630 3971 2818 4036 addat
2843 3992 3041 4056 supra
3068 3974 3278 4057 ipsam
3304 3994 3321 4054 ;
3353 3975 3496 4041 ideo
3521 3978 3899 4043 excellentia

2355 4080 2583 4161 gratias
2625 4084 2886 4161 gratum
2936 4079 3226 4145 facientis
3269 4083 3643 4149 attribuitur
3691 4086 3901 4150 chari·

2354 4187 2466 4250 tati
2498 4210 2513 4251 :
2551 4191 2613 4251 et
2635 4186 2788 4251 hinc
2811 4192 2907 4251 est
2943 4187 3114 4270 quod
3140 4189 3334 4254 etiam
3364 4208 3604 4256 nomen
3642 4191 3903 4256 sortitur

2356 4293 2583 4373 gratiae
2606 4343 2623 4371 ,
2680 4299 2743 4358 et
2779 4295 3177 4377 praeponitur
3216 4297 3514 4362 omnibus
3556 4300 3901 4364 virtutihus

2354 4400 2436 4463 ab
2462 4399 2805 4483 Apostolo,
2834 4406 3148 4484 quantum
3178 4403 3257 4468 ad
3293 4406 3439 4487 ejus
3464 4405 3899 4471 excellentiam

2355 4510 2418 4571 et
2461 4506 2897 4589 dignitatem:
2943 4512 3009 4572 et
3051 4514 3385 4593 propterea
3423 4530 3554 4577 non
3585 4514 3891 4597 sequitur,

2356 4616 2528 4701 quod
2570 4616 2707 4700 ipsa
2744 4616 2907 4680 nihil
2950 4617 3136 4682 addat
3176 4619 3344 4683 ultra
3382 4620 3704 4701 gratiam,
3751 4621 3899 4704 quia

2357 4726 2427 4789 in
2445 4726 2553 4789 illa
2570 4725 3041 4808 comparatione
3059 4744 3191 4790 non
3211 4731 3621 4810 comparatur
3639 4727 3721 4792 ad
3739 4727 3898 4792 dona

2358 4832 2641 4915 gratuita
2666 4833 3018 4899 secundum
3044 4834 3217 4916 quod
3253 4835 3537 4916 gratuita
3563 4839 3720 4899 sunt
3738 4884 3761 4915 ,
3790 4833 3892 4899 sed

2358 4939 2707 5006 secundum
2729 4942 2901 5023 quod
2923 4946 3073 5005 sunt
3088 4942 3315 5023 gratiae
3328 4942 3533 5024 gratis
3554 4941 3743 5022 datae3
3758 4949 3822 5007 et
3836 4944 3897 5006 in

2357 5048 2479 5112 hoc
2495 5046 2628 5111 illis
2654 5048 3075 5130 praeponitur,
3095 5049 3249 5131 quia
3266 5068 3605 5132 nunquam
3632 5049 3898 5115 charitas

2357 5160 2687 5238 separatur
2714 5174 2754 5219 a
2787 5156 2999 5237 gratia
3020 5203 3038 5232 ,
3079 5156 3376 5239 quamvis
3420 5158 3501 5221 ab
3541 5176 3618 5222 ea
3664 5158 3898 5242 possint

2326 5246 2331 5253 ⁹
2359 5262 2637 5346 separari
2677 5262 2804 5326 alia
2829 5263 2997 5327 dona
3022 5263 3345 5345 gratuita3
3387 5268 3450 5328 et
3493 5264 3638 5329 ideo
3675 5264 3898 5329 dicitnr

2359 5372 2603 5435 donum
2625 5370 3234 5436 excellentissimum
3250 5388 3385 5435 esse
3404 5371 3574 5437 inter
3593 5376 3855 5437 catera.
