4185 6288
1316 494 1618 562 msTmc
1654 493 1838 562 xvu.
1885 493 2063 561 ΛΒΤ.
2112 495 2189 561 11.
2232 496 2527 576 QUJFST.
2566 496 2673 562 111.

403 630 673 710 divinae3
714 633 853 695 tum
881 628 1096 710 edam,
1127 629 1447 713 quiaadeo
1467 632 1716 714 petebat
1736 630 1933 713 digne

402 740 466 802 et
510 741 745 812 sancte,
791 735 966 818 quod
1008 736 1077 800 in
1121 737 1422 802 omuibus
1452 741 1587 802 erat
1634 736 1933 802 exaudita

402 861 517 927 pro
549 862 666 908 sua
710 842 1064 909 reverentia
1101 847 1165 907 et
1198 844 1528 925 dignitate.
1575 843 1786 910 Oratio
1818 861 1933 907 au-

404 954 529 1014 tem
559 951 902 1033 procedens
924 970 964 1015 a
992 953 1316 1018 voluntate
1342 953 1592 1036 pietatis
1617 958 1681 1017 et
1709 953 1933 1016 volun-

402 1059 524 1122 tate
552 1058 762 1122 carnis
789 1076 917 1122 non
944 1059 1066 1123 fuit
1112 1060 1179 1123 iu
1206 1058 1450 1123 Christo
1492 1060 1790 1125 exaudita
1818 1077 1931 1142 per

401 1164 615 1228 omnia
644 1167 824 1229 :tum
850 1165 1002 1249 quia
1028 1166 1148 1231 hac
1165 1166 1492 1232 voluntate
1532 1184 1663 1231 non
1688 1167 1931 1231 confor-

403 1271 692 1336 mabatur
715 1272 840 1338 Deo
890 1273 961 1338 in
1002 1274 1178 1339 omni
1204 1274 1422 1353 volito,
1452 1274 1618 1339 sicut
1637 1274 1929 1338 habitum

402 1384 493 1445 est
519 1382 726 1464 prius3
770 1387 914 1448 tum
966 1386 1157 1449 etiam
1207 1386 1360 1468 quia
1384 1385 1491 1450 illa
1543 1385 1761 1468 petitio
1786 1385 1931 1467 plus

399 1488 728 1555 ordinatur
753 1491 834 1557 ad
865 1496 1147 1557 nostram
1194 1492 1701 1572 instructionem,
1731 1509 1928 1573 quam

399 1596 478 1660 ad
506 1596 794 1662 divinam
821 1599 1313 1665 exauditionem.
1367 1598 1569 1681 Magis
1593 1599 1766 1662 euim
1816 1617 1930 1682 pe-

398 1702 570 1767 tebat
594 1702 715 1767 bac
732 1703 1080 1782 voluntate,
1096 1709 1167 1771 ut
1186 1725 1305 1771 nos
1322 1707 1622 1785 erudiret,
1639 1723 1834 1789 quam
1857 1712 1932 1770 ut

399 1808 607 1874 Deum
622 1810 700 1874 ad
726 1829 910 1876 suam
927 1812 1299 1896 petitionem
1326 1813 1677 1878 inclinaret.
1708 1812 1803 1877 Ex
1830 1813 1929 1876 bis

398 1919 568 1998 patet
593 1918 920 2001 responsio
947 1919 1025 1983 ad
1068 1919 1486 2002 quaestionem
1519 1920 1924 2003 propositam,

397 2025 462 2086 et
484 2022 562 2086 ad
606 2024 884 2089 rationes
908 2025 989 2091 ad
1035 2031 1377 2110 utramque
1403 2033 1669 2109 partem.
1700 2025 1930 2090 Conce-

395 2126 675 2194 dendum
702 2133 798 2195 est
821 2132 1016 2211 enim,
1063 2134 1232 2216 quod
1284 2133 1565 2199 Christus
1590 2133 1930 2198 exauditus

394 2234 594 2300 luitin
612 2237 791 2301 omni
810 2238 1110 2322 petitione
1130 2259 1258 2322 qua
1288 2241 1466 2324 petiit
1496 2243 1569 2305 ut
1591 2240 1930 2305 exaudire-

394 2344 523 2417 tur,
553 2342 675 2408 hoc
702 2348 798 2410 est
821 2344 1081 2410 inomni
1111 2364 1189 2410 eo
1214 2346 1384 2429 quod
1402 2345 1582 2430 petiit
1600 2347 1928 2412 voluntate

392 2450 678 2530 rationi&
699 2452 837 2515 sive
866 2451 1193 2524 yoluntate
1211 2452 1523 2517 absoluta.
1543 2451 1720 2518 Unde
1742 2453 1930 2517 ratio-

390 2575 508 2622 nes
524 2575 670 2640 quae
701 2559 781 2623 ad
807 2560 1081 2640 primam
1109 2565 1353 2642 partem
1376 2559 1791 2636 inducuntur,
1821 2579 1929 2624 ve-

390 2683 542 2730 rum
585 2666 996 2732 concludunt.
1046 2667 1527 2732 eoncedendum
1572 2671 1666 2731 est
1691 2667 1925 2732 nihilo-

391 2773 605 2838 minus
648 2774 818 2856 quod
845 2774 1072 2838 nonin
1106 2775 1283 2839 omui
1309 2792 1386 2838 eo
1420 2774 1592 2856 quod
1621 2775 1799 2858 petiit
1817 2793 1928 2839 vo-

391 2878 633 2945 luntate
650 2881 859 2944 carnis
885 2880 988 2945 vel
1005 2881 1273 2963 pietatis,
1303 2880 1426 2945 fuit
1449 2880 1807 2960 exaudituS‚
1834 2882 1927 2945 si-

393 2991 502 3051 cut
538 2988 814 3052 rationes
847 2988 928 3053 ad
971 2988 1315 3053 secundam
1363 2990 1608 3070 partem
1650 2986 1926 3052 inductae

393 3094 753 3160 ostendunt.
808 3092 950 3159 Nou
994 3096 1165 3160 enim
1206 3093 1458 3179 petebat
1482 3098 1557 3159 ut
1584 3095 1926 3161 exaudire-

395 3206 521 3280 tur,
554 3202 662 3266 sed
689 3205 762 3265 ut
786 3219 906 3266 uos
935 3203 1335 3268 erudiremur
1366 3225 1381 3267 ε
1414 3201 1579 3268 sicut
1615 3203 1796 3284 petiit
1820 3222 1928 3267 ca-

394 3306 580 3373 licem
614 3327 654 3373 a
677 3326 746 3372 se
768 3309 1097 3374 transferri
1118 3357 1137 3387 ‚
1166 3314 1230 3373 et
1276 3308 1408 3373 suis
1445 3308 1928 3374 crucifixoribus

398 3414 765 3479 condonari:
827 3433 1035 3479 unum
1093 3433 1174 3479 ex
1223 3414 1546 3480 voluntate
1577 3415 1809 3494 carnis,
1846 3414 1927 3480 ad

398 3525 815 3590 ostensionem
845 3530 1095 3591 uaturae
1124 3530 1508 3610 assumptae3
1539 3526 1813 3591 alterum
1844 3544 1926 3590 ex

401 3632 723 3698 voluntate
749 3634 1018 3715 pietatis,
1056 3633 1140 3697 ad
1185 3632 1607 3697 ostensionem
1636 3631 1929 3713 benigni-

400 3738 544 3802 tatis
564 3744 629 3803 et
649 3737 1115 3804 misericordias.

479 3852 508 3910 1
540 3852 605 3911 et
650 3853 711 3912 2.
741 3847 840 3911 Ad
866 3847 1023 3912 illud
1057 3852 1274 3912 tamen
1307 3847 1479 3931 quod
1516 3846 1812 3930 objicitur
1850 3847 1929 3912 de

401 3953 766 4017 auctoritate
794 3952 1051 4032 Psalmi,
1080 3953 1417 4019 dicendum
1473 3953 1643 4035 quod
1684 3953 1803 4017 boc
1830 3953 1932 4018 di-

401 4061 559 4126 citur
608 4064 688 4127 de
726 4063 929 4146 capite
962 4062 1204 4127 ratione
1254 4061 1694 4126 membrorum
1709 4108 1727 4137 ,
1767 4061 1931 4127 sicut

403 4167 609 4233 Glossa
628 4169 864 4235 ibidem
894 4169 1155 4252 exponit
1183 4190 1199 4233 ε
1246 4172 1311 4232 et
1336 4168 1540 4233 multa
1581 4167 1933 4233 consimilia

400 4276 662 4359 reperiri
688 4280 1158 4342 consueverunt
1182 4276 1249 4340 iu
1273 4273 1620 4359 Scriptura.

477 4385 537 4461 3,
581 4388 621 4447 4
667 4387 731 4447 et
770 4386 831 4447 5.
875 4383 970 4447 Ad
1000 4387 1129 4448 tres
1154 4383 1430 4447 rationes
1479 4386 1932 4466 consequentes

399 4492 565 4570 patet
587 4488 911 4571 responsio
935 4507 1050 4572 per
1096 4491 1232 4571 iam
1278 4488 1462 4567 dicta,
1497 4488 1652 4570 quia
1676 4506 1808 4553 nou
1831 4489 1931 4552 fe-

400 4599 552 4659 runt
588 4596 952 4659 instantiam
1005 4612 1123 4676 pro
1183 4613 1590 4678 quacumque
1646 4595 1931 4659 oratione

399 4701 645 4784 Christi,
673 4703 782 4768 sed
820 4721 938 4785 pro
982 4722 1060 4768 ea
1106 4703 1315 4768 solum
1359 4719 1509 4786 quae
1555 4703 1931 4785 procedebat

399 4826 481 4875 ex
493 4811 821 4876 voluntate
862 4811 1070 4875 carnis
1115 4810 1221 4875 vel
1245 4810 1492 4894 pietatis
1512 4857 1531 4887 ,
1559 4809 1725 4874 sicut
1762 4813 1933 4895 patet

400 4916 743 5000 aspicienti.

456 5154 474 5189 ¹
503 5154 558 5206 S.
587 5150 835 5212 Thomas,
871 5164 926 5215 p.
958 5151 1045 5211 111,
1074 5165 1125 5215 q.
1169 5163 1297 5216 xxx,
1342 5156 1437 5202 art.
1474 5155 1537 5215 2;
1568 5155 1621 5203 et
1661 5153 1723 5203 ΙΙΙ
1756 5152 1928 5216 Sem,

398 5224 508 5276 dist.
532 5235 644 5275 xvn
664 5260 683 5287 ,
709 5236 759 5285 q.
790 5233 873 5285 ιιι,
896 5225 992 5273 art.
1011 5225 1037 5271 t
1051 5238 1067 5285 3
1086 5225 1139 5273 et
1153 5222 1324 5285 opusc.
1346 5223 1433 5286 ΙΙΙ,
1455 5238 1501 5273 c.
1525 5236 1651 5285 cxr.;
1675 5223 1930 5286 menard„

394 5297 459 5348 111
477 5297 640 5358 Sem„
657 5293 774 5343 dist.
787 5303 914 5355 xvn,
931 5297 1027 5344 art.
1044 5296 1095 5357 2,
1105 5305 1251 5358 q.111‚
1270 5294 1447 5359 Steph.
1462 5294 1669 5359 Brules„
1689 5296 1751 5346 ΙΙΙ
1771 5296 1928 5356 Seni„

390 5373 508 5428 dist.
533 5380 670 5432 xvn,
699 5381 753 5432 q.
782 5378 853 5416 vn.

2529 746 2889 827 QUAESTIO
2932 748 3039 814 111.

2038 900 2132 958 An
2161 904 2338 959 oratio
2367 901 2566 960 Christi
2600 905 2662 959 in
2688 918 2837 961 cruce
2862 905 3033 972 merit
3059 919 3095 960 a
3130 906 3373 973 ratione,
3413 905 3499 962 vel
3539 921 3577 962 α

2595 993 2948 1049 semualitate
2973 992 3012 1047 ¹.

2118 1167 2343 1233 Utrum
2363 1169 2471 1233 illa
2498 1169 2722 1249 oratio,
2764 1188 2894 1253 qua
2919 1169 3126 1234 oravit
3170 1171 3233 1233 in
3260 1170 3572 1253 passione,
3606 1189 3810 1235 ruam..

2036 1280 2114 1342 ut
2139 1277 2304 1341 calix
2328 1277 2780 1342 transferretur
2826 1295 2866 1340 a
2889 1294 2979 1353 se,
3019 1276 3211 1342 fuerit
3238 1297 3277 1341 a
3305 1277 3572 1357 ratione,

2037 1401 2124 1448 an
2148 1401 2188 1447 a
2212 1382 2651 1461 sensualitate;
2683 1385 2747 1445 et
2769 1382 2941 1461 quod
2970 1402 3011 1446 a
3031 1382 3459 1462 sensualitate,
3483 1384 3579 1449 vi-

2036 1490 2224 1555 detur
2244 1489 2614 1555 auctoritate
2632 1488 2919 1571 Magistri
2947 1489 3016 1551 in
3028 1488 3262 1554 littera:
3291 1512 3323 1550 α
3339 1489 3579 1554 Secun-

2037 1596 2194 1662 dum
2247 1596 2545 1661 affectum
2599 1595 3022 1660 sensualitatis
3069 1595 3355 1661 Christus
3408 1597 3577 1662 mori

2037 1704 2264 1784 noluit,
2297 1722 2415 1769 nec
2464 1703 2741 1769 obtinuit
2784 1704 2956 1785 quod
3001 1703 3354 1768 secundum
3393 1702 3578 1767 illum

2035 1811 2335 1877 affectum
2377 1812 2577 1895 petiit.
2606 1833 2637 1870 ι»
2675 1811 2846 1892 Ergo
2874 1810 3126 1876 videtur
3166 1811 3338 1893 quod
3359 1811 3579 1894 petitio

2039 1918 2148 1982 illa
2163 1935 2247 1983 ex
2271 1918 2606 1984 voluntate
2631 1917 3058 1982 sensualitatis
3081 1919 3479 1999 proeesoerit.

2120 2024 2277 2089 Item
2305 2025 2426 2089 boc
2445 2024 2660 2107 ipsum
2688 2024 3040 2089 ostenditur
3069 2042 3152 2088 ex
3178 2025 3402 2090 ordine
3427 2043 3580 2091 ver-

2035 2133 2290 2212 borum,
2321 2150 2471 2196 cum
2496 2131 2648 2196 dicit
2678 2152 2694 2196 :
2737 2131 2882 2198 Non
2921 2132 3091 2197 sicut
3116 2146 3226 2214 eqo
3272 2132 3434 2208 volo,
3461 2131 3574 2199 ssd

2034 2240 2204 2305 sicut
2228 2244 2300 2305 ῑιι
2321 2240 2425 2305 vis
2450 2257 2475 2303 .·
2497 2242 2609 2303 aut
2634 2239 2757 2303 boc
2780 2238 2932 2303 dicit
2962 2238 3211 2303 ratione
3234 2239 3582 2304 voluntatis

2036 2344 2487 2421 sensualitatis,
2518 2349 2633 2410 aut
2672 2345 2975 2410 rationis:
3005 2350 3321 2427 quantum
3347 2345 3428 2410 ad
3455 2364 3578 2411 vo-

2033 2453 2345 2518 luntatem
2372 2452 2637 2517 rationis
2658 2469 2791 2516 non
2814 2451 2984 2525 dicit,
2997 2451 3151 2533 quia
3174 2451 3283 2515 illa
3300 2456 3435 2516 erat
3464 2470 3579 2535 per
3601 2467 3606 2472 ’

2035 2560 2251 2625 omnia
2279 2557 2514 2624 divinae
2530 2557 2844 2622 voluntati
2869 2557 3245 2622 conformis:
3274 2576 3434 2640 ergo
3452 2557 3577 2623 boc

2033 2665 2189 2730 dicit
2212 2670 2528 2747 quantum
2554 2665 2634 2729 ad
2660 2663 3057 2728 voluntatem
3105 2665 3570 2730 sensualitatis:

2034 2792 2116 2838 ex
2141 2772 2268 2836 illa
2297 2790 2456 2855 ergo
2485 2772 2809 2838 voluntate
2835 2773 3212 2855 procedebat
3237 2773 3576 2856 postulatio

2037 2880 2341 2947 orationis
2365 2879 2726 2962 propositae.

2118 2989 2299 3067 item,
2328 2989 2549 3052 nullus
2567 2988 2820 3070 sapiens
2843 2992 2984 3060 orat
3021 2988 3127 3053 vel
3153 2988 3309 3071 petit
3329 2991 3580 3054 contra-

2033 3097 2208 3162 rium
2228 3098 2392 3178 ejus,
2421 3095 2591 3179 quod
2619 3094 2761 3161 vult
2784 3116 2801 3159 ε
2824 3095 2934 3161 sed
2961 3095 3122 3161 ratio
3145 3096 3400 3161 volebat
3424 3114 3576 3163 mo-

2033 3204 2091 3268 ri
2123 3226 2137 3267 :
2174 3222 2332 3285 ergo
2354 3203 2573 3287 petitio
2603 3203 2682 3268 de
2711 3204 3012 3270 evasione
3042 3205 3268 3270 mortis
3289 3223 3425 3270 non
3441 3209 3577 3271 erat

2036 3310 2254 3393 petitio
2271 3311 2534 3385 rationis
2563 3332 2580 3375 t
2604 3316 2670 3376 et
2691 3316 2826 3376 erat
2853 3311 3300 3392 sensualitatis,
3341 3311 3446 3378 vel
3470 3330 3578 3376 ra-

2033 3417 2227 3483 tionis
2253 3437 2271 3481 :
2301 3435 2459 3499 ergo
2485 3417 2929 3482 sensualitatis.

2117 3525 2299 3604 Item,
2317 3528 2649 3607 peccatum
2673 3530 2770 3589 est
2795 3523 2985 3588 alicui
3009 3528 3249 3607 petere,
3280 3522 3455 3607 quod
3481 3527 3579 3590 est

2031 3634 2362 3714 peccatum
2388 3635 2682 3713 appetere
2712 3652 2727 3694 ε
2759 3630 2869 3695 sed
2896 3637 3192 3715 appetere
3216 3648 3349 3696 uon
3384 3631 3573 3712 mori,

2034 3745 2364 3824 peccatum
2391 3746 2557 3806 esset
2571 3741 2692 3824 ipsi
2718 3741 3028 3806 voluntati
3043 3742 3338 3807 rationali
3356 3764 3373 3807 ε
3390 3761 3572 3825 ergo,

2034 3847 2089 3911 si
2113 3846 2271 3911 illud
2295 3846 2643 3931 petivisset,
2673 3851 2985 3930 peccasset
3013 3848 3162 3912 :sed
3187 3866 3321 3913 non
3348 3866 3576 3931 pecca-

2035 3954 2132 4019 vit
2161 3972 2358 4035 :ergo
2387 3972 2518 4018 nou
2543 3954 2722 4036 petiit
2751 3972 2768 4019 ε
2798 3972 2958 4037 erg-o
3011 3955 3227 4037 petitio
3255 3955 3364 4020 illa
3388 3956 3574 4021 suita

2035 4062 2365 4127 voluntate
2386 4060 2687 4126 sensuali.

2117 4168 2242 4233 Sed
2265 4171 2486 4233 contra
2519 4185 2537 4230 z
2566 4166 2781 4233 Oratio
2828 4168 2918 4232 sic
2972 4168 3287 4233 diffluitur
3315 4190 3332 4234 t
3365 4168 3576 4235 Oratio
3603 4190 3670 4234 Aa
3688 4201 3794 4247 opp.

2034 4280 2133 4341 est
2166 4292 2464 4340 ascensus
2489 4275 2722 4338 mentis
2739 4275 2810 4338 in
2841 4274 3043 4340 Deum
3076 4298 3092 4341 ε
3123 4275 3231 4340 sed
3260 4276 3574 4341 sensuali-

2036 4384 2183 4447 tatis
2210 4401 2340 4447 non
2361 4386 2455 4447 est
2480 4380 2816 4446 ascendere
2851 4381 2922 4445 in
2970 4382 3213 4448 Deum:
3243 4400 3403 4465 erg-o
3441 4400 3579 4446 sen·

2037 4493 2346 4558 sualitatis
2369 4511 2501 4557 non
2539 4496 2634 4557 est
2663 4509 2889 4557 orare:
2919 4510 3078 4575 ergo
3105 4493 3404 4575 praedicta
3425 4511 3578 4558 ora-

2036 4601 2129 4666 tio
2154 4618 2287 4664 non
2308 4599 2516 4683 potuit
2537 4616 2672 4663 esse
2701 4599 3147 4664 sensualitatis.

2121 4708 2301 4787 Item,
2331 4706 2457 4771 alio
2485 4706 2675 4771 modo
2719 4706 3037 4772 diffinitur
3086 4706 3287 4770 oratio
3320 4728 3334 4771 ε
3364 4705 3577 4772 Oratio

2037 4818 2134 4880 est
2157 4814 2306 4896 pius
2336 4812 2571 4878 mentis
2599 4813 2863 4878 affectus
2909 4813 2980 4876 iu
3007 4817 3209 4878 Deum
3244 4813 3526 4878 directus
3556 4833 3572 4878 ε

2037 4922 2149 4987 sed
2172 4919 2546 4985 sensualitas
2589 4937 2721 4984 nou
2774 4920 2968 4985 habet
3019 4920 3168 4985 ferri
3213 4920 3283 4983 in
3323 4920 3526 4985 Deum
3555 4938 3574 4985 z

2037 5047 2198 5111 ergo
2253 5030 2572 5111 quantum
2608 5026 2689 5091 ad
2745 5030 2962 5091 actum
3001 5025 3581 5092 sensualitatis-nou

2037 5135 2324 5202 consistit
2343 5152 2502 5199 usus
2517 5133 2848 5199 orationis.

2118 5241 2279 5309 Item
2303 5241 2500 5306 solius
2527 5241 2792 5306 rationis
2817 5244 2912 5307 est
2934 5241 3241 5309 conferre.
3274 5239 3399 5308 Sed
3418 5258 3583 5325 prae-

2039 5351 2208 5417 dicta
2222 5349 2425 5416 oratio
2455 5349 2578 5415 fuit
2624 5367 2775 5414 cum
2797 5348 3127 5414 collatione
3153 5348 3458 5433 quadam,
3487 5349 3582 5414 si-

2040 5462 2153 5523 cut
2175 5458 2345 5542 patet
2369 5475 2518 5521 cum
2553 5455 2786 5521 dicitur
2815 5478 2830 5518 τ
2885 5457 3028 5524 Non
3055 5458 3225 5525 siout
3265 5471 3374 5538 eqo
3416 5454 3577 5533 vol0,
