4185 6288
1254 477 1451 549 nis‘r.
1497 482 1601 551 iv.
1645 480 1828 551 ΛΒΤ.
1874 483 1953 551 11.
1996 480 2297 564 QUAEST.
2339 484 2388 554 1.
3388 503 3469 565 99

282 626 389 677 non
419 612 709 696 sequitur
746 617 933 699 quod
976 617 1255 684 Christus
1292 620 1374 686 sit
1411 620 1584 685 filius
1617 621 1813 686 totius

279 716 606 801 Trinitatis,
653 722 766 788 sed
815 726 998 808 quod
1040 744 1171 791 non
1209 726 1502 792 dicamur
1543 729 1655 792 mii
1701 728 1811 793 Dei

278 821 450 890 Patris
484 846 600 911 per
633 848 827 911 eum,
869 832 1170 915 quamvis
1205 853 1322 900 nos
1358 854 1474 918 per
1506 836 1805 917 gratiam,

277 931 386 1014 ipse
417 953 572 1000 vero
611 956 731 1020 per
774 943 1115 1020 naturam,
1158 942 1326 1007 sicut
1364 943 1523 1007 dicit
1562 943 1809 1026 Grego-

274 1041 409 1104 rius¹
423 1061 617 1127 super
635 1045 837 1111 illud’
849 1066 872 1110 t
890 1048 1178 1115 Ascendo
1196 1048 1286 1115 ad
1305 1050 1560 1117 Patrem
1577 1068 1802 1131 meunt,

275 1151 323 1211 et
347 1149 584 1216 Patrem
609 1161 931 1221 vestrum.

336 1260 390 1320 3.
413 1258 504 1323 Ad
527 1260 689 1326 illud
715 1264 900 1346 quod
924 1267 1293 1349 opponitur,
1320 1267 1493 1351 quod
1518 1272 1647 1332 trae
1671 1286 1804 1351 per·

270 1380 421 1428 sonae
445 1385 511 1430 se
539 1368 790 1434 habent
821 1372 905 1436 ad
937 1377 1237 1438 naturam
1267 1379 1662 1458 assumptam
1695 1394 1809 1458 per

269 1471 766 1557 indifferentiam,
809 1479 1152 1546 dicendum
1186 1481 1359 1564 quod
1396 1500 1628 1547 verum
1663 1488 1757 1547 est
1788 1505 1804 1549 ε

271 1578 361 1640 sed
407 1597 533 1645 non
588 1583 682 1647 sic
729 1604 803 1649 se
858 1585 1098 1651 habent
1147 1605 1264 1671 per
1316 1588 1808 1654 indifferentiam

271 1694 532 1769 respectu
582 1709 888 1774 personae
942 1694 1354 1775 assumentis,
1405 1696 1561 1779 quia
1615 1696 1806 1761 aliam

270 1789 684 1861 habitudinem
741 1799 990 1864 habent
1046 1799 1125 1865 ad
1177 1820 1507 1886 personam
1563 1802 1806 1885 Patris,

271 1899 437 1964 aliam
462 1903 540 1966 ad
565 1922 920 1989 personam
948 1906 1226 1990 Spiritus
1250 1911 1473 1974 sancti.
1505 1910 1666 1975 Cum
1693 1930 1810 1975 au-

270 2006 384 2070 tem
403 2007 631 2075 dicitur
654 2034 671 2077 ε
699 2036 734 2073 (ι
757 2013 1050 2078 Christus
1071 2019 1166 2078 est
1190 2015 1362 2081 tilius
1385 2015 1498 2080 Dei
1524 2014 1748 2097 Patris,
1768 2040 1798 2077 ι

271 2110 376 2176 hoc
394 2118 598 2200 magis
619 2120 864 2187 dicitur
886 2127 1179 2206 respectu
1200 2128 1451 2190 naturae
1474 2144 1809 2191 assumen-

274 2217 363 2297 tis,
390 2239 577 2304 quam
615 2233 973 2311 assumptae
1003 2250 1017 2292 :
1049 2229 1220 2311 quod
1248 2236 1442 2314 patet,
1468 2232 1623 2315 quia
1649 2232 1810 2298 dici-

276 2327 368 2389 tur
398 2329 563 2394 filius
597 2332 815 2398 Patris
843 2336 1221 2418 unigenitus
1256 2342 1320 2402 et
1348 2339 1664 2403 naturalis
1696 2359 1712 2404 z
1744 2343 1809 2404 et

274 2432 395 2498 ideo
411 2438 568 2503 ratio
582 2439 697 2505 illa
717 2459 851 2506 non
876 2443 1073 2525 cogit,
1095 2445 1249 2526 quia
1271 2445 1355 2509 ab
1372 2445 1442 2509 iu
1464 2446 1807 2512 sufficienti

278 2541 548 2618 procedit.

345 2654 398 2713 4.
433 2652 529 2718 Ad
572 2656 739 2721 illud
779 2658 954 2740 quod
999 2661 1366 2742 opponitur,
1408 2664 1581 2747 quod
1625 2663 1810 2731 Pater

284 2770 392 2821 non
414 2761 645 2828 dicitur
674 2762 865 2829 Pater
891 2770 1146 2831 tantum
1180 2776 1473 2853 respectu
1499 2771 1663 2852 Filii,
1697 2774 1806 2839 sed

287 2863 448 2929 etiam
484 2876 782 2955 respectu
821 2872 1120 2955 aliorum,
1160 2893 1442 2959 quorum
1481 2884 1579 2944 est
1617 2899 1811 2947 causa

289 2971 339 3033 et
359 2974 738 3061 principium
771 2998 856 3044 ex
888 2983 1199 3065 tempore,
1230 2983 1573 3051 dicendum
1606 2987 1805 3071 quod,

288 3076 426 3144 sicut
460 3081 671 3167 Pater,
714 3104 802 3152 ex
843 3087 966 3154 hoc
1004 3090 1176 3173 quod
1213 3094 1645 3175 temporaliter
1688 3095 1808 3161 ali-

289 3202 422 3267 quos
451 3192 731 3277 adoptat,
767 3194 1004 3261 dicitur
1038 3215 1266 3263 eorum
1308 3196 1495 3266 Pater
1528 3220 1612 3267 ex
1642 3207 1810 3268 tem-

289 3309 448 3377 pore,
492 3300 581 3364 sic
616 3301 815 3366 etiam
850 3302 1136 3368 Christus
1175 3324 1291 3388 per
1327 3310 1809 3389 generationem

293 3403 674 3486 temporalem
711 3412 918 3492 potest
947 3410 1073 3475 dici
1105 3412 1284 3477 fliius
1314 3415 1589 3497 virginis
1620 3440 1636 3483 ε
1676 3436 1810 3483 ιιοιι

294 3508 478 3577 tamen
515 3521 719 3598 potaet
753 3517 1044 3583 concludi
1076 3519 1248 3601 quod
1283 3521 1366 3585 sit
1403 3523 1577 3588 filius
1613 3526 1811 3590 totius

297 3614 583 3690 Trinitatis
611 3646 630 3694 z
660 3646 796 3692 non
827 3629 1003 3692 enim
1026 3633 1124 3693 est
1154 3630 1384 3695 simile.
1415 3630 1607 3697 Nulla
1631 3634 1808 3700 enim

296 3730 549 3797 wnmu’o
589 3734 1055 3817 proprietatum
1099 3735 1480 3818 incurritur,
1527 3758 1646 3805 nec
1688 3742 1805 3806 ali-

297 3837 440 3913 quod
461 3841 708 3906 veritati
737 3842 817 3905 fit
849 3843 1325 3926 praejudicium,
1354 3850 1470 3911 aut
1503 3849 1706 3913 errori
1737 3850 1808 3914 in

298 3939 480 4025 aliquo
497 3949 1072 4033 appropinquatur,
1099 3952 1154 4015 si
1181 3953 1432 4019 dicatur
1456 3955 1647 4021 Pater
1672 3975 1807 4023 esse

299 4052 446 4126 puter
466 4054 577 4118 filii
609 4055 824 4120 solum
860 4074 976 4139 per
1009 4061 1518 4142 generationem,
1557 4068 1620 4128 et
1649 4064 1809 4130 alio-

299 4169 422 4222 rum
440 4180 546 4244 per
563 4164 972 4230 creationem.
1001 4164 1056 4229 N
1059 4184 1145 4231 on
1168 4168 1260 4232 sic
1279 4173 1499 4235 autem
1521 4171 1808 4237 Christus

300 4260 490 4333 dicitur
517 4271 695 4336 filius
726 4288 865 4337 esse
903 4274 1105 4339 totius
1144 4273 1468 4343 Trinitatis
1498 4297 1516 4344 ι
1558 4298 1713 4345 nam
1754 4282 1808 4346 si

299 4365 651 4457 intelligatur
694 4396 811 4461 per
854 4381 1334 4460 generationem
1351 4432 1370 4461 ,
1414 4386 1811 4453 incurrimus

303 4472 359 4537 in
383 4496 647 4548 errorem
679 4482 974 4566 Sabellii3
1006 4489 1063 4550 si
1095 4505 1211 4571 per
1248 4492 1654 4573 creationem,
1692 4512 1809 4579 ap-

302 4588 769 4674 propinquamus
823 4594 1027 4658 errori
1077 4596 1261 4675 Arii3
1319 4598 1375 4662 si
1430 4599 1641 4664 solum
1694 4619 1811 4685 per

300 4690 611 4778 adoptionis
648 4700 1185 4782 gratificationem
1204 4751 1224 4782 ,
1265 4706 1469 4769 errori
1513 4705 1806 4772 Nestorii.

359 4806 412 4867 ὅ.
440 4806 533 4872 Ad
557 4809 714 4875 illud
740 4808 915 4891 quod
946 4811 1290 4892 opponitur
1318 4810 1396 4877 de
1430 4819 1662 4879 natura
1698 4834 1810 4880 su-

301 4920 502 4993 prema,
525 4916 756 4992 media,
780 4921 846 4980 et
866 4915 1113 4995 infima,
1132 4919 1269 5000 jam
1290 4925 1464 5001 patet
1484 4924 1812 5005 responsio

299 5028 390 5094 Per
413 5024 694 5102 mediata
723 5045 741 5088 ε
773 5023 932 5107 quia
966 5040 1119 5087 cum
1155 5025 1263 5089 illa
1296 5026 1379 5090 sit
1411 5034 1643 5108 creata,
1680 5047 1812 5094 non

295 5125 561 5209 recipitur
596 5134 767 5198 circa
807 5130 1135 5195 Christum
1175 5132 1407 5199 filiatio
1449 5135 1666 5219 aliqua
1704 5155 1815 5202 ra·

349 5330 532 5407 ¹G1e33
551 5344 605 5394 ἐκ
630 5343 869 5408 Eorum„
893 5336 1042 5390 hom.
1069 5348 1194 5392 XXV.
1214 5364 1275 5380 ·-
1291 5341 1315 5376 ⁸
1338 5342 1505 5405 Joan„
1531 5354 1625 5407 xx,
1655 5346 1734 5397 1⁷.
1750 5372 1815 5386 -

295 5396 391 5468 ⁸Cs.
413 5412 537 5465 Alex.
562 5416 766 5480 Alam„
796 5427 855 5480 p.
875 5412 967 5476 ΙΙΙ,
996 5424 1050 5476 q.
1092 5422 1187 5478 vu,
1213 5414 1413 5465 memb.
1441 5418 1491 5479 2,
1514 5421 1611 5469 art.
1653 5424 1709 5481 ¹5
1752 5419 1809 5471 S.

296 5471 458 5550 thom„
481 5487 542 5539 ill
566 5504 644 5557 p„
667 5503 725 5555 q.
753 5496 833 5551 n,
853 5487 957 5535 art-
979 5483 1072 5546 113
1092 5485 1536 5551 etlilsent.,dist.
1559 5500 1632 5554 ιν,
1650 5504 1705 5556 q.
1727 5501 1814 5555 111,

1919 622 2091 687 tione
2132 621 2261 688 illa.
2316 621 2776 693 Potesttamen
2815 629 2938 693 dici
2982 630 3153 714 quod
3198 651 3332 698 non
3376 637 3472 699 est

1917 728 2126 793 simile
2168 729 2248 794 de
2296 731 2666 797 substantiis
2712 736 3046 813 extremis,
3094 741 3159 802 et
3207 739 3465 805 media:

1917 836 2073 918 quia
2117 841 2259 902 tum
2303 839 2547 904 ratione
2591 842 2831 908 divinae
2873 845 3277 924 substantiae,
3327 851 3470 913 tum

1917 942 2163 1007 ratione
2190 945 2398 1009 carnis
2417 947 2680 1028 genitus
2702 954 2819 1030 aet,
2850 955 2913 1017 et
2936 953 3325 1018 assimilatur
3349 972 3471 1020 suo

1915 1047 2231 1132 principio
2260 1052 2659 1135 producenti,
2694 1057 2928 1123 scilicet
2960 1059 3123 1141 patri
3156 1064 3220 1124 et
3252 1061 3465 1138 matri,

1916 1156 2079 1238 patri
2116 1157 2186 1221 in
2213 1158 2569 1241 divinitate,
2603 1169 2666 1227 et
2692 1165 2882 1229 matri
2920 1165 2988 1229 in
3015 1164 3417 1232 humanitate
3445 1188 3463 1234 ε

1915 1279 2048 1325 non
2072 1261 2165 1326 sic
2188 1269 2404 1329 autem
2439 1273 2533 1331 est
2553 1267 2632 1333 de
2654 1270 2899 1335 ratione
2925 1271 3162 1337 animae
3193 1292 3210 1338 ε
3240 1277 3304 1338 et
3327 1273 3469 1339 ideo

1914 1385 2046 1432 non
2073 1373 2169 1433 est
2195 1371 2424 1437 simile.

1994 1480 2056 1539 6.
2095 1476 2193 1542 Ad
2228 1479 2383 1544 illud
2412 1483 2580 1564 quod
2616 1483 2844 1550 ultimo
2880 1485 3179 1569 obJ‘icitur
3204 1487 3283 1552 de
3315 1504 3466 1570 pro-

1917 1584 2290 1668 prietatibus
2316 1588 2645 1672 absolutis,
2677 1593 2849 1675 quod
2882 1611 3013 1658 non
3041 1594 3285 1658 faciunt
3310 1612 3465 1660 cou-

1917 1690 2257 1773 tusionem,
2295 1694 2633 1761 dicendum
2680 1700 2851 1781 quod
2894 1718 3024 1764 non
3066 1704 3163 1764 est
3203 1701 3412 1767 simile
3446 1724 3461 1765 ι

1915 1798 2071 1879 quia
2090 1800 2216 1863 illae
2238 1803 2651 1885 proprietates
2670 1806 3104 1890 principaliter
3121 1809 3469 1892 respiciunt

1917 1909 2246 1987 naturam,
2279 1914 2497 1993 utpote
2526 1930 2661 1977 esse
2700 1914 3061 1997 passibilem
3098 1920 3164 1980 et
3198 1916 3468 1982 immor-

1917 2012 2108 2075 talem
2134 2031 2150 2075 :
2178 2014 2285 2079 sed
2307 2016 2529 2082 filiatio
2546 2020 2799 2101 respicit
2814 2020 3021 2103 ipsam
3044 2022 3464 2106 hypostasim,

1918 2119 2084 2182 circa
2130 2140 2325 2204 quam
2374 2125 2562 2188 multi
2606 2127 2867 2192 ruerunt
2908 2148 3183 2208 errores,
3234 2131 3469 2214 quibus

1919 2226 2219 2309 praedicta
2254 2228 2489 2296 locutio
2530 2232 2780 2298 videtur
2812 2236 3326 2320 appropinquare
3357 2261 3373 2302 t
3403 2242 3473 2303 et

1917 2333 2058 2397 ideo
2086 2336 2386 2417 quamvis
2407 2337 2533 2403 illae
2564 2340 2957 2422 recipiantur
2982 2361 3021 2406 a
3049 2344 3203 2407 viris
3230 2344 3471 2408 theolo-

1917 2439 2024 2520 gis
2044 2445 2349 2525 tanquam
2374 2446 2725 2527 catholicae,
2748 2449 2887 2513 haec
2909 2454 3124 2514 tamen
3145 2451 3472 2534 respuitur
3538 2460 3547 2469 ‘

1916 2548 2225 2628 tanquam
2253 2550 2617 2616 adversaria
2643 2553 2792 2618 fidei
2820 2554 3210 2621 christianae.

2273 2892 2289 2911 .
2367 2803 2854 2876 Anncums
2899 2806 2984 2878 11.

2004 2981 2475 3068 consequenter
2539 2990 2855 3073 quaeritur
2914 2992 2993 3058 de
3058 2995 3467 3079 conceptione

1917 3087 2148 3154 Christi
2183 3090 2253 3156 in
2297 3097 2767 3180 comparatione
2815 3100 2896 3166 ad
2940 3101 3217 3183 gratiam
3261 3103 3466 3168 inter-

1912 3199 2284 3266 venientem
2319 3223 2335 3268 :
2380 3209 2445 3268 et
2488 3205 2658 3271 circa
2710 3209 2833 3274 hoc
2884 3215 3268 3293 quaeruntur
3317 3212 3463 3277 tria.

1914 3305 2137 3375 Primo
2172 3313 2489 3395 quaeritur
2521 3315 2601 3380 de
2640 3318 2851 3400 gratia
2881 3319 2989 3384 illa
3028 3320 3098 3384 in
3134 3340 3467 3406 compara-

1912 3415 2088 3482 tione
2116 3419 2196 3483 ad
2225 3423 2453 3486 merita
2481 3422 2809 3505 Eccloeiae3
2846 3429 3149 3507 secundo,
3188 3431 3257 3494 in
3289 3448 3471 3496 com-
3534 3505 3539 3512 ,

1918 3525 2242 3606 paratione
2275 3528 2356 3592 ad
2388 3531 2694 3596 meritum
2723 3534 2996 3614 virginis
3032 3534 3291 3618 Mariae3
3334 3544 3464 3603 ter-

1916 3632 2006 3696 tio
2042 3634 2111 3697 in
2155 3638 2627 3718 comparatione
2668 3639 2748 3703 ad
2791 3639 3172 3721 dignitatem
3218 3647 3468 3711 naturae

1916 3747 2285 3825 assumptae.

1988 4245 2109 4286 eam
2132 4232 2501 4306 impeti-amnt
2526 4243 2727 4298 mmm
2748 4248 3056 4302 sanctonum
3090 4197 3390 4304 Pati-ud&

1998 4388 2229 4457 Utrum
2272 4392 2501 4461 Christi
2545 4400 2894 4484 conceptio,
2942 4404 3046 4469 vel
3085 4403 3462 4489 incarnatio,
3497 4406 3694 4452 ΡΨ

1917 4497 2110 4563 fuerit
2133 4519 2216 4564 ex
2240 4518 2420 4568 mera
2448 4506 2680 4589 gratia,
2704 4526 2791 4572 an
2814 4510 2935 4574 hoc
2962 4510 3470 4594 impetraverunt

1919 4605 2105 4689 plura
2150 4605 2414 4675 Pati-um
2460 4618 2826 4680 sanctorum
2871 4617 3135 4698 merita;
3183 4624 3246 4684 et
3294 4621 3467 4702 quod

1918 4712 2113 4778 fuerit
2159 4735 2242 4781 ex
2291 4738 2470 4785 mera
2510 4724 2742 4804 gratia,
2785 4724 3084 4790 videtur:
3130 4727 3470 4811 Apostolus

1919 4820 2010 4888 ad
2051 4822 2307 4891 Titum⁴
2338 4847 2353 4891 ε
2385 4831 2707 4912 Apparuit
2742 4831 3109 4915 beniqm'tas
3147 4841 3205 4899 et
3237 4832 3470 4900 huma-

1917 4933 2097 4998 nitas
2124 4932 2487 5003 salvatoris
2513 4941 2722 5004 nostri
2747 4955 2877 5005 non
2905 4954 2989 5004 ex
3011 4929 3304 5021 operibus
3320 4941 3471 5024 jus-

1920 5042 2092 5108 tittoe
2117 5063 2141 5105 .·
2167 5045 2276 5108 sed
2308 5045 2626 5127 apparitio
2660 5046 2768 5110 illa
2794 5047 3212 5128 benignitatis
3244 5054 3308 5115 et
3335 5051 3468 5114 hu-

1919 5151 2246 5216 manitatis
2283 5157 2379 5216 est
2417 5150 2561 5216 Filii
2599 5151 2712 5217 Dei
2750 5154 3151 5235 humanatio,
3192 5158 3358 5222 sicut
3400 5158 3472 5224 in

1917 5349 2018 5398 art.
2039 5350 2061 5397 1
2081 5362 2100 5411 3
2124 5348 2295 5413 AEgid.
2332 5352 2506 5413 Rom„
2528 5349 2594 5399 ΙΙΙ
2617 5350 2776 5411 Sem„
2799 5349 2919 5403 dist.
2949 5360 3021 5418 iv,
3049 5352 3119 5405 111
3137 5368 3214 5420 p.,
3235 5367 3287 5420 q.
3324 5357 3430 5418 151³

1921 5417 2167 5482 char-dus,
2204 5421 2267 5471 ΙΙΙ
2289 5420 2447 5485 Sene„
2470 5420 2587 5472 dist.
2608 5432 2685 5488 lv,
2704 5424 2801 5474 art.
2822 5426 2871 5486 3,
2891 5436 2944 5490 q.
2963 5436 3009 5490 ις
3037 5426 3228 5479 Martii.
3249 5429 3412 5493 lngus
3455 5462 3469 5479 .

1921 5493 1991 5543 iii
2014 5491 2177 5557 Sene„
2198 5503 2320 5559 φτ,
2347 5497 2443 5544 art.
2474 5491 2628 5544 ¹.-⁴
2652 5494 2772 5559 Tit„
2796 5505 2880 5561 111,
2898 5498 2947 5547 Α.
