4185 6288
654 463 770 522 358

732 597 790 656 5.
824 593 999 671 Item,
1030 609 1177 656 cum
1210 591 1417 674 passio
1445 591 1701 672 attingit
1725 593 1808 671 (α)
1850 608 2055 673 usque
2110 592 2190 657 ad

650 703 985 778 rationem,
1036 716 1168 764 non
1221 700 1473 763 tantum
1524 700 1618 764 est
1670 699 2020 784 propassio,
2057 702 2192 766 imo

650 807 842 872 etiam
868 804 1177 889 completa
1202 808 1267 870 et
1293 804 1569 888 perfecta
1607 804 1838 888 passio,
1869 823 2017 890 quae
2061 825 2193 872 non

650 917 852 997 potest
877 914 1097 978 cadere
1119 913 1188 976 ia
1213 913 1975 997 sapientem,[secundum
2019 914 2193 998 quod

653 1003 873 1104 probat
928 1019 1187 1100 Seneca,
1241 1021 1305 1084 et
1351 1018 1784 1104 Hieronymus
1839 1019 2006 1086 dicit.
2060 1021 2196 1087 Aut

651 1144 810 1208 ergo
844 1126 1126 1192 Christus
1169 1128 1422 1211 sapiens
1452 1145 1584 1192 non
1619 1126 1764 1206 ruit,
1792 1131 1925 1204 aut,
1958 1128 2011 1191 si
2043 1129 2188 1206 fuit,

654 1234 869 1298 anima
893 1237 1033 1317 ejus
1079 1234 1432 1300 secundum
1461 1235 1772 1302 rationem
1810 1234 1985 1302 carni
2011 1252 2193 1301 com-

655 1357 837 1423 passa
859 1358 989 1406 non
1018 1342 1161 1405 tuit.

1199 1572 1651 1640 CONCLUSIO.

662 1740 901 1795 Christus
921 1752 1111 1810 passus
1148 1741 1224 1794 est
1253 1741 1421 1794 etiam
1445 1739 1729 1796 secundztm
1760 1745 2058 1809 rationem,
2099 1745 2197 1799 sub

738 1843 803 1885 ea
827 1829 1068 1898 ratione,
1099 1841 1208 1899 qua
1233 1829 1380 1883 ratio
1408 1826 1778 1886 consideratur
1804 1834 1868 1886 ut
1896 1834 2121 1889 natura.

742 1987 926 2071 Resp.
947 1987 1027 2051 ad
1053 2004 1196 2069 arg.
1227 1987 1322 2053 Ad
1346 1988 1796 2072 praedictorum
1836 1991 2195 2075 intelligen-

661 2096 814 2160 tiam
833 2097 926 2158 est
948 2094 1323 2171 notandum,
1344 2094 1540 2177 quod,
1571 2095 1733 2161 sicut
1757 2098 1907 2163 dicit
1933 2100 2197 2182 Augus·

662 2202 834 2264 tinus
858 2201 902 2279 ¹,
932 2198 1012 2266 de
1043 2200 1318 2267 civitate
1344 2200 1488 2282 Dei,
1519 2201 1753 2286 duplex
1780 2208 1875 2268 est
1904 2205 2085 2271 dolor
2135 2207 2202 2273 in

664 2309 878 2372 anima
904 2329 918 2371 :
945 2325 1137 2388 unuS,
1162 2309 1273 2390 qui
1291 2308 1455 2373 inest
1476 2310 1711 2374 animae
1728 2310 2079 2376 secundum
2100 2331 2197 2393 se;

665 2415 849 2495 alim,
879 2413 992 2496 qui
1019 2414 1182 2479 inest
1217 2415 1452 2478 animae
1494 2433 1577 2479 ex
1604 2435 1816 2482 carne.
1848 2415 2205 2502 Utrumque

668 2521 950 2587 dolorem
977 2525 1271 2585 constans
1290 2524 1383 2585 est
1410 2521 1478 2584 in
1505 2522 1720 2588 anima
1743 2523 1967 2590 Christi
1981 2527 2200 2593 fuisse.

672 2629 746 2695 Et
776 2629 854 2694 de
885 2629 994 2692 illo
1041 2628 1305 2711 quidem
1359 2629 1597 2711 dolore,
1626 2632 1738 2714 qui
1765 2633 1928 2699 inest
1968 2636 2205 2700 animae

671 2737 1023 2802 secundum
1056 2753 1146 2814 se,
1176 2753 1308 2800 non
1333 2739 1429 2800 est
1446 2736 1715 2801 dubium
1744 2740 1902 2821 quin
1923 2741 2208 2807 Christus

671 2845 860 2908 fuerit
889 2860 1115 2925 passus
1137 2843 1488 2907 secundum
1517 2845 1831 2910 rationem
1870 2870 1885 2912 ι
1916 2866 2205 2932 compas-

673 2969 785 3015 sus
809 2951 985 3014 enim
1013 2950 1155 3029 fuit,
1178 2953 1241 3013 et
1267 2950 1471 3015 doluit
1496 2969 1611 3034 pro
1640 2955 1909 3035 peccatis
1934 2958 2202 3023 nostris:

674 3062 738 3123 et
762 3058 879 3122 iste
902 3057 1080 3122 dolor
1108 3057 1179 3121 in
1211 3058 1539 3123 voluntate
1561 3061 1854 3125 rationali
1883 3068 2038 3143 erat,
2071 3084 2212 3149 pro-

675 3166 901 3231 cedens
929 3183 1010 3229 ex
1058 3166 1555 3232 consideratione
1606 3168 1895 3247 rationis,
1924 3171 2214 3238 videlicet

676 3291 778 3338 ex.
807 3273 1244 3355 recognitione
1279 3278 1680 3357 peccatorum
1710 3282 2099 3345 nostrorum.
2130 3281 2215 3347 De

677 3381 800 3447 alio
825 3385 1038 3446 autem
1058 3381 1293 3462 dolore,
1315 3382 1429 3465 qui
1453 3382 1618 3446 inest
1640 3384 1875 3450 animae
1893 3405 1973 3451 ex
2001 3406 2213 3470 carne,

676 3507 811 3554 non
862 3493 956 3554 est
982 3509 1441 3574 usquequaque
1479 3492 1779 3558 evidens:
1812 3494 2219 3577 distinguunt

677 3597 852 3663 euim
875 3597 1167 3680 magistri
1192 3599 1388 3662 nostri
1434 3602 1879 3683 communiter,
1909 3603 2080 3685 quod
2111 3623 2214 3669 ra-

678 3705 767 3768 tio
797 3705 1130 3788 dupliciter
1155 3705 1346 3771 habet
1372 3707 1778 3787 considerari,
1805 3709 2099 3775 videlicet
2150 3715 2223 3776 ut

679 3810 863 3891 rati0,
896 3813 959 3875 et
985 3814 1057 3875 ut
1081 3814 1315 3876 natura
1357 3835 1371 3877 ε
1406 3813 1459 3875 si
1475 3814 1906 3880 consideretur
1934 3821 2007 3881 ut
2032 3818 2219 3898 ratio,

682 3920 771 3982 sic
832 3917 1154 4000 passiones
1169 3965 1186 3996 ,
1233 3936 1383 4001 quae
1442 3920 1505 3983 ei
1558 3921 2018 4002 attribuuntur,
2074 3928 2226 3989 sunt

685 4029 1139 4108 consequentes
1165 4024 1368 4108 ipsam
1398 4026 1918 4094 deliberationem
1948 4052 1962 4092 :
1994 4034 2058 4096 et
2099 4032 2226 4097 hoc

686 4133 876 4198 modo
914 4132 1134 4197 anima
1169 4132 1396 4198 Christi
1471 4136 1725 4218 corpori
1779 4137 2039 4221 patienti
2095 4157 2226 4203 non

687 4241 1193 4324 compatiebatur
1212 4288 1231 4321 ,
1282 4241 1414 4306 imo
1455 4242 1738 4308 multum
1792 4245 2115 4325 gaudebat
2167 4248 2232 4310 et

690 4349 1131 4433 gratulabatur
1162 4371 1178 4414 :
1209 4348 1624 4415 vehementer
1650 4351 1826 4416 enim
1860 4352 2146 4436 placebat
2169 4353 2231 4418 ei

692 4459 821 4542 pati
863 4476 981 4540 pro
1032 4456 1234 4522 salute
1275 4457 1533 4538 generis
1568 4458 1860 4523 humani.
1892 4459 1961 4524 Si
2016 4463 2232 4525 autem

695 4565 1123 4631 consideretur
1148 4565 1311 4629 ratio
1333 4567 1408 4629 ut
1433 4567 1687 4642 natura,
1710 4566 1801 4629 sic
1827 4583 1978 4631 cum
2005 4566 2237 4632 habeat

695 4672 1051 4738 naturalem
1100 4671 1457 4756 appetitum
1504 4674 1568 4737 et
1634 4671 2109 4739 inclinationem
2156 4675 2236 4739 ad

696 4799 949 4866 corpus,
978 4782 1196 4864 utpote
1222 4780 1521 4865 perfectio
1546 4781 1629 4847 ad
1680 4782 2089 4865 perfectibile,
2119 4801 2237 4868 pa-

698 4889 975 4954 tiebatur
1028 4905 1293 4973 corpore
1318 4888 1618 4972 patiente.
1649 4888 1883 4954 Anima
1910 4890 2085 4955 enim
2131 4907 2237 4956 ra-

699 4996 951 5063 tionalis
1003 5012 1135 5061 non
1188 4998 1442 5060 tantum
1490 5001 1585 5062 est
1628 4997 1925 5079 perfectio
1957 4999 2238 5082 corporis

700 5104 968 5170 humani
988 5102 1340 5169 secundum
1366 5103 1677 5186 potentias
1717 5105 2063 5187 sensibiles,
2088 5123 2239 5171 cum

702 5230 935 5297 corpus
952 5211 1314 5277 humanum
1343 5210 1426 5275 sit
1461 5211 1826 5277 ordinatum
1866 5212 1949 5278 ad
1970 5211 2239 5279 nobilio-

704 5338 843 5387 rem
867 5319 1339 5407 perfectionem,
1366 5335 1563 5402 quam
1586 5319 1669 5384 sit
1690 5337 1923 5405 corpus
1949 5319 2236 5402 brutale;

773 5447 838 5516 (a)
872 5445 996 5499 cae.
1019 5442 1139 5495 east.
1168 5443 1396 5508 attingat.

1748 454 2371 522 SENTENTIARUM
2413 456 2561 522 LIB.
2605 457 2715 523 111.

2301 594 2407 657 sed
2430 594 2778 658 secundum
2809 613 2875 659 se
2901 600 3121 673 totam,
3158 596 3281 661 hoc
3331 600 3456 678 est,
3485 598 3841 664 secundum

2301 700 2840 783 complementum
2890 719 3027 768 suae
3083 702 3407 784 essentiae,
3453 709 3517 770 et
3569 724 3841 772 suarum

2301 809 2728 892 potentiarum
2752 810 3253 889 universitatem,
3282 816 3379 875 est
3401 813 3681 896 corporis
3699 832 3843 897 per-

2302 914 2507 992 fectio,
2536 919 2598 979 et
2623 916 2814 981 habet
2839 918 2918 981 ad
2971 918 3186 1000 ipsum
3218 918 3577 984 naturalem
3605 920 3845 1003 appeti-

2301 1023 2466 1101 tum,
2491 1025 2551 1085 et
2572 1021 3067 1104 inclinationem,
3097 1028 3160 1088 et
3185 1026 3324 1108 conj
3335 1025 3699 1091 unctionem
3717 1075 3737 1106 ,
3766 1044 3844 1091 ac

2302 1144 2415 1210 per
2469 1127 2592 1191 hoc
2644 1128 3142 1210 delectationem,
3197 1133 3261 1195 et
3312 1132 3836 1214 compassionem.

2304 1230 2782 1295 Concedendum
2833 1233 2927 1296 est
2953 1250 3111 1313 ergo
3151 1233 3324 1316 quod
3352 1234 3589 1314 'ganima
3614 1233 3844 1300 Christi

2304 1357 2630 1422 compassa
2654 1340 2847 1405 fuerit
2865 1342 3219 1406 secundum
3245 1344 3557 1409 rationem
3573 1393 3589 1424 ,
3622 1363 3847 1410 secun-

2305 1445 2460 1511 dum
2475 1448 2646 1529 quod
2659 1448 3091 1513 consideratur
3117 1450 3278 1515 ratio
3304 1452 3381 1515 ut
3401 1455 3662 1530 natura,
3692 1471 3845 1517 cum

2304 1554 2510 1637 passio
2533 1555 2816 1637 corporis
2844 1554 3034 1620 fuerit
3068 1556 3513 1639 acerbissima}‚
3543 1558 3706 1623 sicut
3736 1578 3846 1624 os-

2304 1665 2555 1725 tensum
2608 1665 2702 1726 est
2743 1681 2958 1745 supra.
3009 1661 3186 1728 Unde
3227 1665 3644 1730 concedendae
3690 1671 3846 1731 sunt

2304 1768 2601 1846 rationes,
2632 1786 2779 1851 quae
2819 1770 3070 1834 suntad
3098 1775 3331 1854 partem
3352 1771 3560 1836 istam.

2388 1882 2445 1940 ¹.
2480 1875 2573 1940 Ad
2599 1875 2755 1941 illud
2794 1895 2948 1942 vero
2989 1879 3158 1962 quod
3200 1879 3499 1962 obiicitur
3523 1881 3730 1964 primo
3774 1882 3845 1947 in

2308 1982 2700 2047 contrarium
2715 2031 2737 2063 ,
2772 1984 2942 2066 quod
2991 1985 3207 2050 anima
3254 1987 3608 2052 secundum
3660 1989 3847 2054 ratio-

2308 2108 2457 2154 nem
2484 2090 2722 2153 nullius
2746 2091 2940 2172 partis
2962 2093 3242 2174 corporis
3267 2097 3361 2156 est
3389 2098 3590 2172 actus,
3636 2095 3845 2161 dicen·

2310 2196 2463 2260 dum
2483 2197 2651 2278 quod
2680 2196 3102 2280 Philosophus
3126 2199 3192 2261 in
3211 2197 3322 2262 illo
3349 2199 3545 2265 verbo
3564 2217 3693 2265 non
3708 2201 3849 2265 vult

2311 2323 2549 2386 negare
2573 2305 3086 2385 conjunctionem
3129 2305 3326 2387 ipsius
3371 2307 3721 2372 intellectus
3763 2309 3848 2373 ad

2312 2430 2574 2494 corpus;
2609 2412 2718 2476 sed
2746 2412 2867 2476 hoc
2888 2412 3028 2476 vult
3054 2413 3282 2494 dicere,
3296 2413 3468 2496 quod
3495 2415 3851 2480 intellectus

2313 2537 2442 2583 non
2493 2519 2869 2583 determinat
2894 2519 3013 2583 sibi
3054 2538 3407 2603 organum,
3440 2523 3508 2586 in
3530 2527 3851 2605 quantum

2315 2625 2640 2707 egreditur
2676 2627 2743 2689 in
2778 2632 2991 2691 actum
3040 2630 3371 2711 proprium
3423 2652 3437 2693 :
3495 2634 3559 2695 et
3601 2650 3683 2695 ex
3727 2630 3853 2696 hoc

2317 2750 2447 2795 non
2491 2736 2691 2815 potest
2731 2733 2971 2814 inferri,
3016 2736 3185 2817 quod
3216 2737 3466 2819 corpori
3504 2755 3635 2802 non
3682 2755 3854 2804 com·

2318 2839 2592 2921 patiatur
2625 2863 2638 2904 :
2675 2842 3024 2923 compassio
3048 2842 3219 2905 enim
3247 2843 3356 2906 illa
3383 2862 3516 2908 non
3543 2843 3733 2909 habet
3745 2863 3857 2909 or—

2319 2950 2459 3011 tum
2488 2966 2568 3011 ex
2583 2947 3104 3014 determinatione
3133 2950 3381 3032 organi,
3413 2951 3521 3014 sed
3545 2951 3754 3033 potius
3772 2970 3856 3015 ex

2321 3056 2768 3136 conjunctione
2792 3056 2894 3121 vel
2924 3057 3157 3122 unione
3177 3058 3476 3123 naturali.

2400 3167 2461 3226 2.
2485 3165 2584 3228 Ad
2610 3164 2765 3228 illud
2779 3164 2946 3247 quod
2973 3164 3286 3247 objicitur,
3314 3165 3484 3249 quod
3506 3164 3668 3229 nihil
3690 3183 3858 3230 com-

2323 3272 2561 3356 patitur
2589 3273 2695 3336 alii
2723 3272 3008 3355 patienti,
3054 3274 3221 3355 quod
3250 3291 3382 3337 non
3409 3279 3859 3358 corrumpatur

2325 3398 2473 3447 cum
2505 3380 2636 3460 illo,
2671 3380 3008 3444 dicendum
3037 3380 3205 3462 quod
3236 3380 3637 3462 Augustinus
3663 3388 3863 3464 negat

2326 3491 2484 3555 illud
2513 3490 2672 3553 libro
2695 3486 2926 3555 xlxde
2956 3488 3230 3555 civitate
3262 3490 3406 3568 Dei,
3437 3493 3740 3573 tanquam
3754 3491 3867 3557 fal-

2329 3616 2473 3662 sum
2517 3615 2534 3660 :
2570 3597 2934 3660 instantiam
2965 3595 3138 3659 enim
3169 3596 3359 3660 habet
3387 3596 3455 3659 in
3480 3597 3708 3678 spiritu
3759 3616 3865 3663 ra-

2330 3704 2569 3768 tionali.
2605 3701 2780 3767 Unde
2805 3703 2962 3767 illud
3013 3703 3286 3767 verbum
3327 3722 3455 3767 non
3485 3703 3673 3769 habet
3698 3706 3871 3769 veri-

2332 3814 2523 3876 tatem
2550 3810 2674 3874 nisi
2699 3810 2777 3873 de
2806 3809 2914 3874 illa
2941 3811 3252 3893 passione,
3279 3812 3453 3893 {quae
3478 3812 3684 3893 magis
3710 3812 3874 3877 facta

2333 3919 2547 4003 abjicit
2606 3938 2645 3982 a
2697 3918 3048 3984 substantia
3118 3918 3402 4005 patiente
3460 3920 3562 3984 vel
3607 3938 3873 4004 compa-

2333 4029 2549 4091 tiente.
2787 4022 2792 4027 ’

2418 4138 2477 4198 3.
2512 4134 2610 4198 Ad
2652 4132 2814 4198 illud
2850 4132 3023 4214 quod
3074 4131 3399 4214 oincitur,
3442 4134 3613 4216 quod
3661 4135 3879 4200 anima

2339 4240 2568 4306 Christi
2595 4239 2945 4306 secundum
2971 4238 3285 4303 rationem
3336 4256 3470 4304 non
3495 4240 3685 4306 habet
3723 4259 3881 4307 con-

2340 4350 2631 4428 trarium,
2661 4366 2782 4414 nec
2807 4347 2999 4411 habet
3015 4346 3333 4429 superius,
3352 4347 3687 4413 dicendum
3705 4350 3880 4434 quod

2342 4457 2574 4522 habere
2600 4455 3017 4534 contrarium,
3045 4455 3147 4521 vel
3173 4454 3465 4537 superius
3479 4504 3497 4536 ,
3526 4459 3620 4521 est
3662 4446 3880 4533 dunliss-

2343 4566 2521 4643 citer,
2572 4562 2864 4631 videlicet
2912 4581 3029 4645 per
3071 4581 3139 4629 se
3156 4612 3174 4645 ,
3226 4558 3329 4629 vel
3387 4581 3501 4648 per
3567 4563 3877 4631 accidens.
3917 4628 3923 4633 ,

2344 4672 2649 4752 Quamvis
2673 4672 2890 4735 autem
2915 4670 3081 4734 nihil
3113 4670 3485 4737 adversetur
3511 4674 3578 4737 et
3627 4675 3885 4738 contra-

2342 4780 2546 4845 rietur
2574 4779 2808 4844 animae
2833 4777 3065 4843 Christi
3095 4777 3446 4842 secundum
3464 4795 3554 4860 se,
3583 4778 3881 4845 adversa-

2346 4893 2453 4954 tur
2478 4890 2693 4952 tamen
2721 4890 2785 4953 et
2810 4885 3233 4952 contrariatur
3250 4886 3498 4951 ratione
3538 4887 3710 4953 uniti
3746 4906 3890 4956 cor-

2346 4994 2519 5079 poris
2553 5017 2567 5059 :
2597 4993 2773 5077 quod
2796 4994 2970 5059 enim
2987 4992 3160 5058 laedit
3187 4991 3597 5077 perfectibile,
3628 4993 3800 5060 laedit
3820 4998 3891 5061 et

2348 5119 2460 5187 per
2480 5117 2872 5183 consequens
2897 5100 3101 5183 ipsam
3126 5097 3598 5181 perfectionem.

2427 5213 2487 5274 4.
2536 5207 2635 5274 Ad
2674 5207 2832 5273 illud
2879 5207 3050 5290 quod
3101 5206 3417 5291 objicitur,
3447 5207 3620 5290 quod
3668 5206 3892 5274 anima

2350 5316 2581 5383 Christi
2608 5315 2962 5381 secundum
2982 5314 3293 5380 rationem
3304 5313 3625 5397 gaudebat
3640 5314 3719 5380 de
3738 5332 3892 5398 pas—

2421 5447 2432 5478 ¹
2456 5447 2605 5508 Aug,
2620 5443 2679 5493 de
2699 5442 2855 5492 Cs'vit.
2882 5441 2987 5491 Dei.
3012 5441 3100 5491 lib.
3129 5439 3260 5502 xlv,
3281 5453 3328 5489 c.
3354 5450 3441 5504 xv,
3464 5440 3633 5504 quoad
3654 5453 3888 5492 sensum.
