4185 6288
832 436 961 500 522

827 566 1279 632 determinari:
1315 569 1430 632 aut
1450 564 1899 644 communiter,
1927 566 2043 628 aut
2078 561 2371 646 proprie;

827 673 970 740 sive
993 692 1106 758 per
1129 692 1219 754 se,
1245 677 1310 739 et
1334 691 1448 756 per
1470 672 1780 738 accidens.
1819 670 1980 736 Illud
2006 673 2225 735 autem
2252 687 2376 733 vo-

831 785 1016 848 catur
1040 782 1366 865 objectum
1417 798 1763 846 commune
1811 778 2170 843 secundum
2203 796 2377 844 com-

830 906 1095 954 munem
1122 889 1575 972 acceptionem,
1610 892 1675 952 et
1715 888 2039 969 objectum
2064 904 2180 968 per
2205 885 2375 950 acci-

827 997 1007 1077 dens,
1034 996 1208 1080 quod
1236 998 1498 1080 quidem
1522 996 1717 1061 habet
1741 997 2058 1062 rationem
2085 994 2378 1061 materia·

829 1104 930 1169 lis.
958 1103 1121 1169 Illud
1147 1108 1364 1169 autem
1389 1104 1619 1170 dicitur
1644 1103 1979 1186 [obJectum
2015 1102 2270 1186 proprie
2314 1106 2381 1167 et

830 1228 945 1294 per
968 1229 1059 1291 se,
1089 1210 1260 1293 quod
1277 1210 1539 1293 quidem
1565 1210 1760 1276 babet
1786 1209 2102 1274 rationem
2128 1208 2374 1275 motivi.

831 1318 1202 1385 Secundum
1225 1319 1395 1384 hanc
1437 1318 1758 1402 duplicem
1793 1318 2225 1400 acceptionem
2253 1317 2380 1383 du·-

831 1424 1077 1508 pliciter
1102 1424 1414 1506 contingit
1438 1424 1616 1508 loqui
1637 1425 1716 1491 de
1743 1425 1987 1507 objecto
2008 1425 2181 1491 fidei.
2213 1422 2377 1490 Nam

836 1553 966 1599 uno
996 1534 1185 1598 modo
1225 1537 1429 1616 potest
1462 1535 1584 1599 dici
1626 1535 1730 1616 obj
1739 1537 1950 1598 ectum
1994 1533 2171 1613 fidei,
2212 1534 2380 1597 circa

833 1643 1004 1726 quod
1030 1642 1168 1725 ipsa
1191 1641 1350 1707 fides
1402 1645 1719 1721 versatur,
1751 1646 2058 1725 tanquam
2105 1641 2271 1705 circa
2292 1640 2379 1705 il-

833 1751 950 1817 lud
972 1752 1141 1834 quod
1160 1751 1357 1816 credit
1383 1769 1518 1815 esse
1539 1768 1795 1827 verum,
1821 1750 1954 1814 sive
1967 1749 2055 1813 illi
2082 1749 2381 1815 assentiat

834 1862 1094 1943 propter
1120 1876 1210 1939 se,
1236 1857 1376 1923 sive
1400 1860 1662 1940 propter
1688 1856 1884 1921 aliud.
1934 1857 2013 1921 Et
2035 1858 2160 1921 hoc
2186 1857 2378 1922 modo

832 1983 966 2030 non
990 1964 1435 2029 tantummodo
1482 1967 1579 2028 est
1631 1964 1800 2028 circa
1846 1981 2076 2028 verum
2131 1962 2377 2029 increa-

829 2077 992 2153 tum,
1050 2091 1284 2138 verum
1313 2073 1511 2139 etiam
1565 2073 1734 2137 circa
1778 2090 2013 2136 verum
2065 2075 2375 2153 creatum,

829 2182 985 2266 quia
1011 2181 1169 2247 ssdcs
1196 2199 1327 2246 non
1354 2183 1604 2246 tantum
1633 2179 1832 2244 credit
1856 2179 1978 2262 ipsi
1997 2178 2235 2245 divinae
2261 2198 2374 2245 ve-

826 2289 996 2354 ritati
1023 2289 1094 2353 in
1140 2307 1230 2369 se,
1254 2289 1366 2353 sed
1409 2287 1608 2352 etiam
1654 2286 1787 2367 his,
1815 2304 1964 2369 quae
2011 2285 2135 2349 sibi
2187 2286 2270 2350 ab
2302 2305 2379 2352 ea

826 2394 1166 2475 dictantur,
1205 2413 1355 2478 quae
1397 2397 1549 2459 sunt
1583 2394 1789 2459 multa
1830 2413 1987 2460 vera
2033 2397 2264 2459 creata.
2309 2393 2379 2459 Si

828 2507 1045 2567 autem
1070 2503 1412 2586 loquamur
1437 2502 1516 2566 de
1544 2501 1791 2583 objecto
1835 2501 1983 2567 fidei
2023 2502 2379 2567 secundum

833 2609 1157 2693 propriam
1196 2608 1626 2691 acceptionem
1673 2611 1866 2691 prout
1914 2607 2150 2673 dicitur
2172 2611 2381 2691 objec-

834 2719 998 2793 tum,
1023 2716 1195 2798 quod
1220 2716 1414 2781 babet
1443 2715 1757 2780 rationem
1784 2714 2035 2794 motivi‚
2057 2714 2148 2781 sic
2166 2715 2377 2799 objec-

832 2826 974 2888 tum
1018 2824 1167 2888 fidei
1218 2827 1316 2888 est
1363 2841 1597 2889 verum
1645 2824 2027 2888 increatum.
2087 2823 2166 2888 Et
2215 2825 2381 2890 sicut

833 2930 1153 3012 contingit
1176 2930 1535 3012 intelligere
1560 2931 1631 2994 in
1675 2929 1856 3006 visu,
1889 2920 2063 3012 quod
2090 2930 2379 2996 lucidum

832 3037 1167 3122 dupliciter
1208 3036 1426 3102 movet
1469 3037 1707 3117 visum,
1738 3036 1845 3102 vel
1883 3041 2077 3119 prout
2113 3040 2209 3102 est
2234 3039 2378 3102 abs-

832 3150 1132 3223 tractum,
1159 3146 1265 3210 vel
1288 3148 1481 3229 prout
1505 3150 1600 3211 est
1639 3150 1914 3212 terrenae
1940 3147 2228 3214 materiae
2276 3150 2379 3213 in-

833 3255 1271 3335 corporatum3
1303 3253 1395 3319 sic
1430 3253 1569 3335 ipsa
1593 3252 1817 3317 divina
1842 3253 2076 3318 veritas
2104 3255 2376 3337 duplici-

833 3363 933 3425 ter
959 3364 1180 3425 movet
1200 3360 1419 3443 ipsum
1455 3358 1851 3424 intellectum
1886 3378 2000 3443 per
2026 3362 2222 3427 fidem
2241 3363 2382 3429 illu-

833 3467 1154 3533 minatum
1180 3486 1198 3531 :
1221 3466 1323 3531 vel
1353 3485 1465 3550 per
1483 3485 1574 3544 se,
1606 3468 1771 3532 sicut
1791 3468 1856 3531 in
1885 3469 2171 3533 articulis
2197 3488 2375 3553 spec-

832 3574 1116 3638 tantibus
1139 3574 1223 3639 ad
1246 3574 1460 3657 ipsum
1472 3573 1677 3639 Deum
1702 3574 2060 3639 secundum
2078 3574 2382 3641 divinita·

833 3688 964 3746 tem
978 3703 995 3761 ;
1027 3682 1132 3747 vel
1161 3685 1234 3746 ut
1259 3684 1356 3746 est
1385 3681 1566 3746 unita
1589 3689 1927 3762 creaturae,
1974 3682 2139 3747 sicut
2162 3682 2227 3746 in
2259 3683 2385 3748 illis

833 3787 1126 3853 articulis
1148 3788 1634 3872 respicientibus
1687 3791 1902 3872 ipsum
1937 3789 2141 3854 Deum
2171 3789 2241 3855 in
2266 3809 2385 3855 sua

834 3894 1233 3962 humanitate
1260 3900 1619 3979 assumpta3
1661 3896 1767 3962 vel
1801 3897 1871 3959 in
1905 3899 2274 3980 operatione
2302 3898 2385 3962 ab

832 4004 972 4088 ipso
990 4009 1224 4086 creata,
1248 4006 1411 4070 sicut
1432 4006 1501 4070 in
1529 4006 1872 4087 creatione,
1902 4006 2307 4089 reparatione
2322 4009 2386 4070 et

835 4112 1319 4193 glorificatione.
1357 4113 1848 4179 concedendum
1892 4131 2052 4196 ergo
2091 4117 2189 4177 est
2214 4112 2385 4195 quod

835 4220 1164 4303 objectum
1201 4221 1353 4288 fidei
1379 4223 1718 4307 proprium
1736 4270 1758 4302 ,
1808 4220 2170 4287 secundum
2210 4219 2385 4303 quod

835 4328 1031 4394 habet
1068 4332 1384 4395 rationem
1439 4329 1693 4406 motivi,
1733 4330 1830 4394 est
1859 4347 2091 4394 verum
2139 4328 2387 4393 increa-

836 4439 1029 4501 tum‘:
1067 4441 1132 4502 ct
1154 4437 1308 4520 quia
1350 4437 1474 4502 hoc
1515 4436 1790 4520 probant
1834 4435 2115 4501 rationes
2139 4435 2220 4500 ad
2251 4436 2388 4519 pri-

835 4562 1014 4610 mam
1066 4549 1316 4629 partem
1377 4544 1658 4610 iuductae
1684 4593 1704 4625 ,
1771 4543 1914 4608 ideo
1970 4543 2388 4609 concedendae

835 4655 1010 4718 sunt.
1655 4659 1670 4674 ²

919 4763 980 4824 1.
1008 4758 1108 4824 Ad
1141 4758 1300 4824 illud
1327 4759 1542 4842 primo
1577 4757 1750 4841 quod
1794 4757 2090 4840 objicitur
2125 4759 2196 4822 in
2233 4777 2388 4824 con-

834 4866 1108 4931 trarium
1128 4914 1146 4946 ‚
1209 4865 1380 4949 quod
1426 4866 1689 4949 quidam
1743 4865 1993 4931 articuli
2042 4866 2392 4948 respiciunt

834 4973 1329 5050 humanitatem,
1399 4971 1565 5039 sicut
1630 4973 1895 5056 quidam
1960 4972 2386 5052 divinitatem,

836 5081 972 5161 jam
1026 5083 1198 5163 patet
1228 5080 1554 5163 responsio
1570 5127 1592 5159 ,
1650 5080 1806 5164 quia
1845 5080 1940 5144 illi
1978 5079 2235 5144 articuli
2280 5080 2393 5161 qui

839 5189 995 5250 sunt
1019 5186 1096 5249 de
1121 5186 1548 5263 humanitate,
1595 5189 1663 5251 et
1702 5186 1871 5250 circa
1894 5185 2388 5263 humanitatem,

840 5291 1267 5357 enuncientur
1294 5293 1375 5358 de
1410 5294 1629 5359 divina
1670 5311 1966 5378 persona,
2002 5294 2171 5359 circa
2194 5314 2393 5379 quam

843 5398 1130 5463 consistit
1180 5398 1418 5464 veritas
1462 5400 1775 5478 increata;
1816 5404 1881 5465 et
1928 5419 2013 5467 ex
2063 5401 2174 5467 illa
2214 5407 2392 5487 parte

1901 423 2524 493 SENTENTIARUM
2567 425 2715 491 Lm.
2762 428 2867 493 nl.

2484 561 2677 627 habet
2715 562 3029 626 rationem
3072 561 3317 627 motivi.
3358 560 3523 627 Nam
3562 578 3644 625 ex
3670 559 3777 625 illa
3813 562 3975 643 parts,

2485 686 2616 752 qua
2641 669 2991 734 consistunt
3015 667 3183 734 circa
3207 666 3542 734 veritatem
3569 668 3866 744 creatam,
3888 665 3980 729 ha-

2485 775 2637 841 bent
2653 777 2866 842 solum
2906 777 3217 842 rationem
3262 774 3624 840 materialis.
3662 772 3833 838 Unde
3853 771 3982 836 sicut

2485 901 2622 949 una
2646 889 2742 949 est
2759 902 3028 967 persona
3052 884 3121 949 in
3139 885 3390 949 duabus
3415 883 3683 958 naturis»,
3705 884 3895 946 creata
3912 881 3983 946 vi·

2486 991 2732 1072 delicet,
2763 996 2829 1056 et
2858 993 3173 1074 increata;
3204 994 3296 1057 sic
3322 1009 3457 1058 una
3488 995 3585 1056 est
3606 990 3838 1057 veritas
3875 1006 3983 1053 mo-

2487 1118 2670 1179 vens,
2704 1119 2850 1185 quae
2871 1104 3044 1165 tenet
3068 1101 3382 1165 rationem
3409 1097 3665 1181 objecti,
3684 1096 3815 1162 sive
3831 1097 3890 1160 in
3901 1114 3985 1159 ar-

2486 1206 2698 1272 ticulis
2721 1209 2835 1291 qui
2859 1208 3204 1291 respiciunt
3234 1206 3658 1285 divinitatem,
3676 1204 3808 1270 sive
3830 1203 3892 1267 in
3910 1201 3986 1266 his

2488 1316 2602 1397 qui
2646 1311 2998 1397 respiciunt
3028 1313 3498 1379 humanitatem
3537 1336 3555 1378 ε
3593 1330 3743 1396 quae
3770 1310 3987 1394 quidem

2487 1428 2582 1488 est
2606 1423 2840 1489 veritas
2866 1423 3165 1488 increata.

2567 1534 2630 1595 2.
2659 1531 2758 1596 Ad
2787 1529 2942 1594 illud
2967 1530 3140 1613 quod
3170 1528 3473 1612 objicitur
3491 1577 3512 1608 ‚
3542 1528 3718 1612 quod
3743 1527 3818 1592 ad
3841 1531 3920 1592 tot
3937 1546 3988 1592 se

2488 1638 2773 1711 extendit
2796 1638 2971 1715 fides,
3016 1637 3099 1703 ad
3143 1641 3301 1721 quot
3325 1654 3393 1701 se
3421 1636 3711 1701 extendit
3735 1635 3983 1713 charitas,

2489 1745 2827 1810 dicendum
2863 1744 3037 1827 quod
3089 1745 3206 1810 etsi
3244 1743 3521 1808 charitas
3555 1744 3843 1809 videatur
3882 1759 3987 1806 ense

2490 1854 2667 1917 circa«
2683 1855 2927 1917 bonum
2958 1854 3313 1918 increatum
3340 1856 3404 1916 et
3436 1852 3607 1915 circa
3632 1851 3865 1916 bonum
3886 1868 3987 1915 cre·

2488 1965 2691 2040 atum,
2742 1964 3052 2045 tanquam
3089 1960 3258 2026 circa
3293 1961 3621 2044 objectum
3675 1959 3983 2043 proprium,

2488 2071 2702 2134 tamen
2732 2070 3056 2151 objectum
3095 2070 3152 2150 ej
3160 2086 3236 2133 us
3274 2068 3634 2152 proprium,
3666 2069 3825 2132 sicut
3860 2066 3987 2129 intra

2488 2176 2951 2255 manifestatur,
2971 2194 3104 2240 non
3118 2180 3213 2241 est
3226 2175 3350 2239 nisi
3377 2177 3630 2240 bonum
3651 2177 3983 2240 increatum.

2568 2287 2630 2348 3.
2660 2283 2760 2348 Ad
2786 2282 2945 2347 illud
2983 2283 3155 2367 quod
3182 2284 3504 2366 objicitur,
3529 2286 3710 2367 quod
3744 2282 3883 2348 fides
3918 2284 3987 2344 ea

2488 2391 2568 2457 de
2593 2409 2748 2458 vero
2775 2391 3016 2471 futuro,
3044 2395 3192 2468 etc„
3229 2391 3572 2456 dicendum
3607 2392 3780 2476 quod
3804 2392 3987 2455 ‘resur-

2486 2500 2681 2564 rectio
2733 2501 2940 2564 carnis
2972 2500 3192 2564 futura
3223 2517 3355 2565 non
3390 2505 3486 2565 est
3525 2501 3843 2584 objectum
3876 2495 3988 2561 fidei

2486 2608 2846 2692 proprium,
2888 2607 3015 2671 nisi
3049 2607 3118 2671 in
3155 2611 3473 2690 quantum
3514 2603 3987 2690 comparaturad

2487 2718 2774 2783 divinam
2803 2717 3112 2780 virtutem
3139 2720 3202 2780 et
3223 2716 3565 2798 justitiam,
3597 2734 3749 2799 quae
3773 2730 3989 2797 corpora

2487 2824 2906 2899 resuscitabit,
2933 2827 3009 2888 ut
3035 2823 3373 2888 retributio
3387 2823 3503 2887 flat
3525 2823 3875 2889 secundum
3892 2837 3990 2884 me-

2486 2933 2662 3011 rita;·
2701 2935 2765 2996 et
2808 2931 2898 2995 sic
2935 2931 3180 2996 ratione
3234 2931 3373 2996 veri
3408 2931 3680 2995 increati
3725 2927 3989 3013 implicari

2487 3032 2680 3104 habet
2699 3038 2949 3103 ratione
2974 3038 3206 3121 objecti
3247 3058 3264 3102 ε
3302 3036 3475 3119 quod
3511 3037 3779 3121 quidem
3804 3051 3990 3101 verum

2488 3148 2866 3225 increatum,
2921 3150 3237 3230 quantum
3274 3148 3369 3210 est
3394 3146 3474 3210 de
3513 3164 3583 3210 se
3601 3194 3624 3226 ,
3666 3144 3946 3211 abstrahit
3963 3161 3992 3206 a

2487 3256 2734 3321 ratione
2761 3254 3063 3338 praeteriti
3089 3256 3153 3318 et
3181 3254 3402 3329 futuri,
3424 3252 3570 3318 licet
3601 3252 3927 3336 praeteritio
3947 3253 3991 3314 et

2488 3363 2781 3427 futuritio
2822 3366 3081 3429 notetur
3122 3362 3292 3425 circa
3325 3362 3382 3443 ej
3392 3378 3470 3425 us
3508 3361 3830 3439 effectum,
3882 3357 3989 3440 qui,

2486 3473 2805 3553 quantum
2851 3472 2946 3534 est
2982 3469 3061 3534 de
3088 3486 3179 3550 se,
3235 3468 3426 3533 habet
3470 3468 3690 3534 solum
3727 3467 3993 3533 rationem

2489 3576 2834 3641 materialis
2873 3577 2945 3641 in
2989 3575 3463 3657 comparatione
3513 3575 3599 3639 ad
3658 3575 3805 3640 fidei
3827 3590 3992 3638 assen-

2488 3704 2658 3762 sum,
2689 3685 3043 3751 secundum
3066 3683 3244 3767 quod
3266 3683 3341 3760 in
3380 3683 3879 3767 praecedentibus
3900 3679 3992 3746 fuit

2488 3795 2750 3857 tactum.

2568 3905 2632 3964 4.
2663 3900 2758 3965 Ad
2788 3898 2947 3965 illud
2968 3900 3143 3983 quod
3153 3899 3475 3983 objicitur,
3493 3900 3674 3984 quod
3701 3897 3992 3964 haereticus

2481 4008 2903 4090 judicaretur,
2944 4008 3060 4091 qui
3102 4008 3515 4091 pertinaciter
3562 4013 3835 4091 negaret
3879 4019 3992 4088 quae

2490 4115 2563 4178 in
2604 4131 2783 4179 sacra
2846 4113 3178 4197 Scriptura
3240 4114 3611 4179 scribuntur
3628 4164 3647 4195 ,
3701 4113 3992 4181 dicendum

2492 4222 2666 4304 quod
2715 4239 2848 4286 non
2900 4225 2997 4286 est
3038 4222 3192 4304 quia
3241 4222 3485 4300 omnia,
3538 4239 3693 4305 quae
3737 4223 3805 4287 in
3852 4233 3992 4284 sacra

2493 4327 2821 4413 Scriptura
2858 4329 3286 4410 continentur,
3320 4333 3577 4395 teneant
3594 4331 3894 4395 rationem
3912 4323 3993 4389 ob·

2486 4436 2641 4519 jecti
2666 4434 2909 4519 proprii
2934 4440 2998 4500 et
3022 4436 3248 4500 motivi
3282 4440 3575 4520 respectu
3610 4438 3811 4522 ipsius
3832 4431 3989 4506 fldei3

2494 4543 2607 4607 sed
2635 4543 2758 4607 hoc
2780 4548 2899 4622 est,
2929 4543 3082 4625 quia
3111 4548 3593 4626 consequuntur
3613 4545 3697 4609 ad
3730 4547 3864 4626 ejus
3903 4538 3989 4604 ob-

2490 4654 2734 4734 jectum
2755 4650 3112 4735 proprium.
3142 4651 3304 4732 Quia
3331 4653 3505 4716 enim
3520 4670 3702 4718 sacra
3715 4652 3992 4733 Scriptura

2496 4764 2591 4824 est
2623 4760 2790 4825 edita
2821 4760 2905 4824 ab
2932 4760 3073 4844 ipsa
3095 4759 3373 4825 Veritate
3410 4761 3716 4842 increata,
3746 4764 3807 4825 et
3829 4777 3866 4822 a
3882 4754 3993 4839 Spi-

2495 4870 2628 4933 ritu
2670 4872 2887 4933 sancto
2909 4915 2927 4946 ,
2957 4868 3074 4952 qui
3105 4869 3561 4934 contradiceret
3602 4887 3800 4935 sacrae
3823 4865 3993 4946 Scrip-

2498 4980 2687 5057 turae,
2743 4975 3200 5040 contradiceret
3251 4975 3344 5053 ei,
3389 4977 3500 5040 cui
3568 4978 3725 5043 fides
3778 4968 3994 5041 assentit

2499 5086 2754 5166 propter
2772 5100 2863 5160 se,
2887 5081 3184 5147 videlicet
3209 5082 3330 5165 ipsi
3357 5100 3634 5150 summae
3659 5081 3921 5149 veritati.
3936 5075 3993 5143 Et

2497 5190 2642 5254 ideo
2669 5208 2750 5254 ex
2788 5189 2911 5253 hoc
2936 5207 3068 5253 non
3095 5193 3298 5272 potest
3322 5190 3639 5271 concludi,
3666 5190 3833 5275 quod
3872 5184 3992 5252 fides

2498 5295 2667 5360 circa
2711 5314 2939 5363 verum
2980 5301 3266 5362 creatum
3319 5296 3554 5363 habeat
3591 5296 3829 5368 versari
3867 5290 3992 5358 sicut

2497 5403 2663 5470 circa
2686 5404 3007 5487 objectum
3035 5404 3388 5489 proprium.
