4185 6288
690 474 768 536 32
1796 477 2419 549 SENTENTIARUM
2461 477 2611 543 LlB.
2660 478 2764 542 111.

672 608 983 707 *animam
1011 618 1076 679 et
1101 633 1366 681 carnem
1387 666 1405 699 ,
1435 613 1765 683 ethorum
1792 616 2219 707 proprietates
2260 615 2399 686 sive
2432 614 2791 685 accidentia
2825 616 3173 706 assumpsit
3201 614 3410 701 Deus,
3442 638 3577 685 non
3612 637 3878 705 carnem

690 724 832 794 sine
859 727 1082 797 anima
1107 780 1126 812 ,
1158 751 1275 798 nec
1303 729 1594 799 animam
1619 731 1761 800 sine
1786 753 2014 818 carne,
2049 742 2126 801 ut
2172 733 2461 802 haeretici
2505 733 2895 819 voluerunt,
2926 732 3038 801 sed
3080 741 3145 801 et
3183 755 3447 801 carnem
3483 742 3549 801 et
3588 733 3880 803 animam

691 863 845 910 cum
881 843 1178 913 sensibus
1215 845 1374 914 suis.
1421 847 1611 916 Unde
1646 847 1934 917 Joannes
1973 848 2415 919 Damascenus
2459 850 2551 935 ait
2598 853 2614 886 ¹
2666 874 2682 917 ε
2727 877 2761 916 «
2785 849 3026 918 Omnia
3065 850 3335 942 quaein
3380 857 3620 918 natura
3658 858 3885 918 nostra

694 959 1018 1050 plantavit
1042 960 1241 1047 DeuS‚
1272 962 1570 1033 Verbum
1599 966 1973 1057 assumpsit,
2007 966 2253 1034 scilicet
2276 989 2541 1058 corpm,
2570 974 2635 1034 et
2661 965 2952 1034 animam
2979 965 3517 1052 intellectualem,
3550 965 3883 1034 ethorum

696 1075 1031 1146 idiomata.
1065 1077 1269 1147 Totus
1295 1079 1472 1149 enim
1502 1089 1713 1151 totum
1740 1083 2092 1174 assumpsit
2118 1106 2248 1169 me,
2282 1090 2357 1152 ut
2384 1083 2504 1151 toti
2530 1082 2697 1150 mihi
2724 1082 3004 1151 salutem
3031 1081 3451 1172 gratificaret.
3484 1080 3676 1163 Quod
3705 1081 3884 1150 enim

700 1192 1224 1285 inassumptibile
1250 1205 1370 1282 est,
1401 1196 1766 1267 incurabile
1794 1206 1911 1268 est.

531 1331 594 1407 {³²
804 1338 837 1376 α
863 1311 1236 1403 Assumpsit
1261 1333 1416 1402 ergo
1446 1314 1564 1382 Dei
1591 1314 1802 1385 Filius
1827 1338 2087 1385 carnem
2115 1324 2180 1385 et
2206 1316 2519 1402 animam,
2551 1317 2663 1386 sed
2691 1340 2951 1386 carnem
2982 1318 3309 1387 mediante
3337 1317 3580 1385 anima.
3606 1315 3886 1385 Unitum

455 1408 651 1532 *7232
708 1439 802 1496 est
825 1430 1030 1516 carni,
1052 1453 1171 1523 per
1189 1431 1480 1499 medium
1500 1432 1932 1520 intellectum,
1946 1433 2245 1503 Verbum
2266 1434 2408 1504 Dei.
2439 1435 2664 1503 Tantae
2685 1434 2863 1503 enim
2882 1434 3264 1504 subtilitatis
3282 1443 3479 1527 atque
3504 1434 3883 1526 simplicita-

492 1532 638 1625 ffif
707 1546 788 1614 tis
814 1555 910 1615 est
936 1548 1162 1617 divina
1188 1549 1493 1632 essentia,
1527 1557 1604 1618 nt
1627 1551 1884 1642 corpori
1911 1550 1991 1619 de
2020 1550 2182 1619 limo
2214 1560 2404 1620 terrae
2431 1550 2713 1620 formato
2752 1551 2931 1620 uniri
2974 1574 3109 1619 non
3136 1551 3556 1641 congruerit,
3596 1552 3725 1620 nisi
3753 1573 3890 1620 me-

453 1651 552 1749 22²⁶
580 1645 675 1688 ‘¹²³‘
703 1662 923 1732 diante
952 1665 1256 1733 rationali
1284 1666 1583 1736 essentia.
1624 1692 1658 1730 1>
1713 1667 1834 1735 Illa
1860 1675 2079 1736 autem
2113 1668 2273 1736 unio
2302 1667 2783 1759 inexplicabilis
2813 1676 2910 1736 est
2934 1669 3097 1738 adeo
3116 1722 3133 1755 ,
3170 1677 3244 1737 ut
3269 1669 3466 1738 etiam
3493 1669 3779 1738 Joannes
3803 1668 3888 1736 ab

703 1792 889 1851 utero
929 1784 1403 1869 sanctificatus,
1432 1807 1499 1852 se
1536 1806 1671 1852 non
1718 1806 1854 1852 esse
1879 1783 2160 1872 dignum
2195 1784 2478 1853 fateatur
2502 1790 2524 1824 ³
2551 1784 2796 1853 solvere
2838 1786 3192 1878 cor-riqiam
3223 1786 3657 1854 calceamenti
3680 1786 3836 1855 Jesu
3865 1811 3884 1872 3

698 1899 858 1991 quia
897 1891 1080 1968 illiu‘s
1127 1899 1394 1968 unionis
1432 1900 1704 1970 modum
1741 1901 2136 1990 investigare
2163 1954 2180 1987 ,
2225 1900 2506 1993 aliisque
2547 1902 2872 1995 explicare
2917 1925 3052 1971 non
3100 1910 3239 1970 erat
3277 1903 3633 1973 sufficiens.
3683 1900 3889 1970 «Non

696 2023 854 2084 sunt
895 2038 1051 2105 ergo
1091 2015 1404 2085 audiendi
1448 2021 1496 2103 ⁸,
1535 2018 1656 2109 qui
1701 2040 1836 2086 non
1871 2040 2107 2086 verum
2149 2016 2485 2087 hominem
2525 2017 2771 2087 Filium
2820 2019 2938 2087 Dei
2975 2019 3332 2111 suscepisse
3373 2019 3638 2105 dicunt,
3670 2039 3890 2110 neque

696 2141 926 2201 natum
955 2133 1036 2200 de
1073 2132 1352 2218 femina,
1386 2132 1497 2201 sed
1543 2132 1776 2202 falsam
1819 2156 2117 2219 carnem,
2149 2141 2213 2202 et
2247 2134 2604 2223 imaginem
2647 2136 2937 2227 corporis
2975 2135 3354 2205 simulatam
3391 2136 3753 2205 ostendisse
3791 2135 3892 2203 vi-

695 2249 1024 2319 dentibus.
1057 2249 1136 2317 In
1177 2273 1376 2341 quem
1407 2272 1693 2318 errorem
1724 2258 2195 2341 prorumpunt,
2224 2251 2386 2342 quia
2413 2251 2650 2320 timent
2676 2251 2855 2343 quod
2883 2251 3027 2321 fieri
3056 2274 3190 2321 non
3223 2252 3449 2344 possit,
3480 2252 3756 2338 scilicet,
3806 2275 3894 2320 ne

697 2366 990 2435 humana
1019 2387 1212 2434 carne
1239 2367 1479 2434 veritas
1507 2375 1571 2434 et
1590 2366 1955 2436 substantia
1979 2366 2101 2434 Dei
2128 2367 2516 2459 inquinetur
2546 2394 2562 2435 :
2597 2376 2662 2436 et
2692 2377 2910 2436 tamen
2938 2369 3299 2461 praedicant
3325 2372 3528 2437 istum
3559 2367 3892 2438 visibilem

697 2485 902 2553 solem
931 2483 1149 2552 radios
1176 2505 1330 2552 suos
1362 2504 1481 2573 per
1504 2504 1732 2551 omnes
1764 2483 1951 2552 faeces
1977 2491 2035 2551 et
2068 2483 2292 2552 sordes
2330 2498 2682 2575 corporum
2716 2507 3023 2576 spargere
3050 2537 3068 2572 ,
3100 2494 3165 2553 et
3193 2485 3477 2554 mundos
3504 2493 3569 2554 et
3602 2485 3892 2554 sinceros

698 2623 980 2671 servare.
1014 2600 1086 2670 Si
1115 2622 1271 2689 ergo
1298 2599 1588 2670 visibilia
1612 2601 1862 2669 munda
1888 2600 2264 2669 visibilibus
2288 2601 2654 2670 immundis
2678 2601 2973 2691 contingi
3007 2610 3307 2692 possunt,
3340 2611 3404 2671 et
3429 2623 3564 2671 non
3588 2603 3899 2695 coinqui-

701 2720 883 2806 nari,
914 2726 1164 2812 quanto
1193 2717 1403 2808 magis
1443 2717 2000 2787 incommutabilis
2043 2726 2109 2786 et
2146 2716 2499 2786 invisibilis
2542 2718 2784 2786 veritas
2824 2741 2940 2810 per
2981 2718 3288 2810 spiritum
3331 2718 3647 2804 animam,
3682 2727 3746 2788 et
3775 2741 3899 2811 per

700 2837 987 2905 animam
1018 2858 1253 2928 corpus
1278 2835 1659 2927 suscipienS,
1693 2843 1905 2903 totum
1931 2834 2270 2903 hominem
2296 2834 2437 2902 sine
2464 2834 2569 2903 sui
2596 2834 3107 2915 commutatione
3136 2834 3518 2927 assumpsit,
3551 2845 3616 2904 et
3642 2836 3724 2903 ab
3752 2856 3900 2903 om·

704 2954 900 3022 nibus
931 2952 1430 3021 infirmitatibus
1453 2951 1801 3021 liberavit?
1822 2979 1856 3018 »
1891 2950 2053 3019 Ecce
2082 2950 2190 3018 hic
2224 2951 2383 3020 dicit
2407 2951 2527 3021 Dei
2553 2952 2941 3044 sapientiam
2971 2973 3086 3042 per
3121 2952 3430 3044 spiritum
3470 2952 3902 3043 assumpsisse

710 3071 1023 3156 animam,
1070 3078 1136 3138 et
1176 3092 1295 3162 per
1325 3068 1615 3137 animam
1662 3090 1900 3162 corpus
1933 3096 1967 3134 (ι
1997 3067 2286 3161 Spiritus
2320 3068 2496 3137 enim
2520 3121 2537 3155 ‚
2570 3069 2813 3137 scilicet
2851 3090 3003 3161 pars
3046 3068 3278 3138 animae
3306 3068 3629 3161 superior,
3662 3068 3904 3161 majori

705 3187 1207 3257 similitudinem
1228 3185 1361 3255 Deo
1381 3186 1780 3278 propinquat
1796 3208 1998 3278 quam
2019 3185 2264 3272 anima,
2287 3185 2529 3257 scilicet
2547 3187 2689 3279 ipsa
2704 3187 2931 3256 eadem
2951 3186 3317 3256 secundum
3343 3187 3724 3256 inferiorem
3749 3209 3904 3278 par-

706 3314 873 3392 tem3
905 3313 969 3374 et
996 3304 1218 3373 anima
1244 3304 1452 3393 magis
1478 3325 1680 3395 quam
1726 3325 1964 3395 corpus
1999 3327 2016 3372 z
2047 3311 2115 3372 et
2157 3303 2304 3373 ideo
2328 3327 2464 3373 non
2491 3303 2853 3395 incongrue
2888 3304 3110 3373 anima
3134 3304 3378 3374 dicitur
3417 3313 3755 3397 assumpta
3781 3326 3906 3397 per

706 3422 1037 3516 spiritum,
1070 3429 1136 3489 et
1159 3443 1397 3513 corpus
1422 3442 1541 3513 per
1563 3420 1855 3489 animam
1881 3425 1924 3491 ⁸.

504 3584 627 3639 Quod
798 3539 872 3609 Si
895 3547 1114 3608 autem
1152 3538 1474 3631 quaeritur
1518 3545 1744 3607 utrum
1772 3539 2072 3609 Verbum
2113 3560 2376 3608 carnem
2409 3538 2610 3608 simul
2653 3545 2718 3607 et
2757 3538 3049 3608 animam
3093 3538 3557 3631 assumpserit,
3590 3561 3678 3607 an
3714 3536 3907 3631 prius

473 3650 665 3756 Vfssff
711 3658 998 3726 animam
1026 3679 1227 3749 quam
1255 3677 1553 3742 carnem,
1584 3655 1690 3724 vel
1715 3677 1981 3724 carnem
2018 3678 2223 3748 quam
2264 3653 2593 3741 animam,
2625 3663 2690 3723 et
2734 3663 2960 3724 utrum
3005 3677 3156 3723 caro
3204 3654 3320 3723 illa
3352 3655 3541 3748 prius
3583 3653 3785 3723 fuerit
3825 3653 3907 3723 in

477 3786 669 3894 ¹3⁰3}-
712 3782 899 3843 utero
924 3771 1224 3863 Virginis
1246 3779 1577 3864 concepta,
1612 3779 1677 3840 et
1713 3780 1936 3866 postea
1961 3780 2333 3864 assumpta3
2366 3770 2705 3842 verissime
2732 3777 2798 3840 et
2821 3772 3069 3863 absque
3097 3771 3241 3840 ulla
3282 3771 3713 3861 ambiguitate
3739 3770 3910 3839 dici-

480 3911 575 3943 m·
613 3903 658 3941 οἱ
711 3899 843 3978 tur,
877 3891 1035 3982 quia
1067 3913 1148 3959 ex
1183 3913 1317 3982 quo
1337 3889 1514 3958 Deus
1541 3888 1877 3959 hominem
1902 3889 2288 3982 assumpsit,
2323 3897 2537 3958 totum
2567 3888 2959 3978 assumpsit,
2990 3887 3324 3980 simulque
3359 3886 3485 3957 sibi
3515 3886 3735 3957 univit
3758 3888 3910 3956 ani-

477 3961 660 4004 animam
673 3991 684 4009 .

464 4028 508 4067 et
543 4034 682 4078 neque
713 4028 886 4074 mam
915 4016 979 4074 et
1006 4029 1307 4091 carnem3
1339 4030 1459 4075 nec
1495 4029 1645 4076 caro
1674 4007 1859 4100 prius
1884 4007 2011 4076 fuit
2038 4016 2380 4098 concepta,
2413 4013 2478 4074 et
2521 4004 2939 4098 postmodum
2967 4012 3338 4097 assumpta,
3369 4004 3482 4074 sed
3524 4005 3597 4074 in
3632 4026 3909 4098 concep—

529 4097 629 4128 οδω

465 4152 585 4207 prius
618 4157 682 4194 ω
716 4124 888 4193 tione
912 4133 1269 4216 assumpta,
1299 4131 1363 4192 et
1398 4123 1467 4192 in
1497 4124 1941 4215 assumptione
1981 4132 2312 4218 concepta.
2370 4123 2554 4193 Unde
2580 4123 2997 4213 Augustinus
3025 4126 3068 4210 ⁸,
3101 4123 3172 4191 in
3197 4123 3369 4191 libro
3396 4120 3479 4192 de
3504 4120 3637 4198 fide
3663 4121 3758 4191 ad
3781 4124 3910 4191 Pe-

466 4219 684 4328 ξῖξᾷεἷζῗ
712 4255 891 4312 trum
923 4268 945 4309 .-
984 4268 1019 4308 ι(
1044 4242 1445 4311 Firmissime
1475 4250 1646 4325 tene,
1680 4249 1745 4310 et
1771 4242 2154 4311 nullatenus
2179 4241 2440 4312 dubites
2469 4263 2605 4309 non
2633 4262 2896 4309 carnem
2930 4239 3172 4308 Christi
3209 4241 3351 4309 sine
3378 4239 3724 4309 divinitate
3748 4261 3911 4308 con-

484 4341 665 4392 ⁸²¹¹²⁹¹⁸‘
708 4371 961 4453 ceptam
992 4361 1063 4428 in
1091 4368 1277 4428 utero
1309 4359 1609 4449 Virginis
1636 4359 2022 4451 priusquam
2058 4359 2500 4451 susciperetur
2523 4381 2563 4427 a
2588 4357 2848 4444 Verh0,
2881 4356 2992 4426 sed
3022 4359 3241 4450 ipsum
3270 4356 3486 4425 Deum
3523 4378 3662 4426 suae
3687 4356 3910 4426 carnis

708 4478 1075 4570 acceptione
1101 4484 1487 4568 conceptum
1522 4500 1536 4542 :
1571 4476 1907 4568 ipsamque
1934 4497 2198 4544 carnem
2226 4475 2432 4545 Verbi
2462 4474 2911 4543 incarnatione
2937 4481 3338 4567 conceptam.
3370 4472 3611 4542 »Idem
3639 4473 3710 4540 in
3727 4471 3908 4541 libro

707 4594 788 4664 de
838 4598 891 4663 T
882 4595 1161 4663 rinitate
1203 4597 1225 4632 ⁸
1257 4619 1279 4660 .·
1329 4620 1364 4659 ι(
1382 4591 1530 4660 Non
1576 4599 1743 4662 esset
1779 4592 1899 4660 Dei
1935 4591 2420 4684 hominumque
2464 4590 2813 4677 mediator,
2865 4590 2990 4658 nisi
3041 4597 3207 4659 esset
3252 4590 3428 4659 idem
3474 4589 3681 4675 Deus,
3726 4585 3910 4657 idem

706 4710 906 4781 homo
931 4764 949 4795 ‚
980 4713 1054 4780 in
1080 4719 1362 4801 utroque
1413 4731 1588 4778 unus
1616 4716 1681 4776 et
1709 4731 1907 4777 verus
1928 4762 1947 4797 ,
1977 4732 2182 4801 quam
2229 4709 2537 4778 servilem
2580 4709 2863 4778 formam
2904 4733 2943 4777 a
2978 4709 3119 4778 solo
3153 4708 3326 4777 Filio
3367 4714 3738 4800 susceptam
3770 4713 3911 4774 tota

707 4827 994 4895 Trinitas
1019 4879 1037 4912 ‚
1067 4826 1258 4916 cujus
1285 4848 1422 4893 una
1447 4832 1545 4893 est
1573 4825 1884 4893 voluntas
1910 4835 1975 4893 et
2004 4825 2321 4917 operatio,
2354 4825 2528 4894 fecit.
2563 4851 2597 4890 »
2628 4825 2777 4894 Non
2806 4832 3029 4894 autem
3073 4825 3147 4893 in
3176 4835 3362 4894 utero
3390 4823 3692 4914 Virginis
3720 4822 3912 4913 prius

706 4966 858 5012 caro
884 4952 1179 5034 suscepta
1204 4950 1323 5028 est,
1359 4949 1423 5009 et
1452 4941 1870 5034 postmodum
1899 4942 2214 5010 divinitas
2240 4943 2521 5011 venitin
2546 4964 2834 5029 carnem,
2867 4942 2980 5012 sed
3007 4965 3163 5011 mox
3189 4951 3267 5010 ut
3291 4940 3592 5011 Verbum
3625 4939 3810 5008 venit
3834 4937 3909 5005 in

709 5069 998 5145 uterum,
1029 5068 1283 5128 servata
1311 5058 1583 5127 veritate
1628 5057 1907 5149 propriae
1944 5068 2198 5129 natnrae
2244 5059 2508 5128 factum·
2532 5067 2630 5126 est
2653 5080 2804 5127 caro
2827 5112 2846 5147 ,
2878 5066 2942 5127 et
2970 5058 3293 5151 perfectus
3328 5057 3531 5126 homo
3552 5109 3572 5144 ,
3602 5054 3670 5124 id
3711 5054 3909 5125 estin

708 5177 979 5247 veritate
1018 5176 1231 5245 carnis
1257 5182 1321 5244 et
1347 5174 1581 5245 animae
1608 5183 1804 5244 natus
1831 5183 1948 5244 est.
1987 5177 2076 5245 De
2105 5175 2230 5246 hoc
2259 5176 2457 5245 etiam
2488 5174 2846 5265 Gregorius
2869 5176 2944 5244 in
2984 5174 3347 5246 Moralibus
3390 5174 3493 5244 ait
3527 5198 3544 5241 t
3583 5201 3620 5241 α
3647 5172 3909 5263 Angelo

776 5363 792 5397 ¹
820 5362 1074 5417 Damaso..
1102 5358 1324 5407 Dect-th.
1348 5357 1466 5422 fide,
1486 5356 1576 5408 lib.
1610 5369 1686 5420 ¹11,
1704 5371 1749 5407 c.
1773 5368 1846 5407 vi.
1864 5383 1927 5396 -
1945 5359 2151 5419 Uvam,
2179 5368 2211 5418 1,
2243 5358 2323 5407 27.
2345 5382 2402 5395 --
2420 5356 2608 5421 ung„
2628 5355 2691 5406 de
2714 5357 2882 5421 Aqone
2910 5355 3125 5414 Christ..
3152 5369 3199 5406 c.
3219 5364 3370 5415 xvnl,
3396 5361 3457 5404 11ο
3486 5355 3646 5404 20.—
3676 5352 3910 5404 ‘Auctor

710 5432 799 5484 lib.
823 5432 884 5482 de
902 5432 1038 5495 Spir.
1066 5434 1112 5479 et
1136 5431 1337 5488 Anima,
1366 5443 1414 5479 c.
1442 5440 1660 5490 xlv-xvt,
1686 5428 1819 5479 inter
1837 5443 1998 5494 opera
2026 5430 2078 5479 S.
2107 5432 2315 5493 Aug.—
2337 5429 2359 5463 ⁸
2386 5428 2494 5478 lmo
2523 5428 2755 5493 Fulgent.
2783 5427 2844 5477 de
2868 5427 2957 5492 fid.
2988 5426 3059 5477 ad
3082 5427 3239 5488 Petu,
3267 5439 3315 5476 c.
3346 5435 3503 5476 xvin.
3526 5451 3584 5464 -—
3615 5425 3638 5459 ⁸
3657 5425 3818 5489 Aug„
3842 5421 3909 5473 de

716 5503 974 5567 stinqlib.
1007 5502 1043 5563 Ι,
1072 5502 1158 5552 cit.
1180 5501 1235 5550 in
1262 5500 1428 5550 Gloss.
1458 5513 1568 5564 sup.
1597 5512 1711 5562 cap.
1736 5511 1773 5561 1,
1799 5499 1869 5549 ad
1895 5502 2050 5560 Rom„
2078 5499 2150 5550 ihi
2180 5516 2192 5549 τ
2218 5498 2315 5561 Qun·
2339 5501 2508 5563 factus
2531 5502 2606 5551 ese
2627 5500 2707 5564 εἰς
2736 5503 2789 5550 et
2813 5499 2956 5567 Fulg.
2986 5497 3049 5548 de
3073 5497 3165 5562 fid.
3184 5496 3257 5547 ad
3283 5497 3445 5561 Petr„
3468 5510 3516 5548 c.
3547 5507 3609 5554 11.
