4185 6288
1269 433 1468 504 ms‘r.
1514 434 1618 505 tx.
1659 436 1844 506 ΛΒΤ.
1890 436 1940 504 1.
1983 431 2285 516 Qum.
2329 431 2399 499 V.

248 575 431 640 brum
455 570 685 639 Christi
730 569 1130 638 adorandum
1160 573 1259 636 est
1296 571 1660 639 adoratione
1682 573 1784 638 la-

249 686 406 853 m?
413 788 569 853 Item
596 805 828 871 corpus
873 785 1100 852 Christi
1141 806 1375 853 verum
1412 788 1686 854 refertur
1706 789 1788 854 ad

2429 703 2897 776 CONCLUSIO.

250 915 469 981 corpus
494 896 724 961 Christi
765 894 1131 978 mysticum,
1169 900 1478 979 tanquam
1523 896 1789 978 signum
1897 878 2152 935 mmm
2189 876 2393 935 mmm
2428 879 2610 936 latr-im
2641 879 3014 937 mmmm
3046 895 3155 937 ’²⁰²²
3191 880 3432 939 debemut

247 1003 327 1068 ad
353 1005 729 1085 signalum:
765 1020 925 1083 ergo
951 1001 1007 1066 si
1051 1001 1379 1084 signatum
1407 1002 1488 1066 sit
1515 1003 1792 1069 nobilius

246 1112 450 1193 signe,
496 1128 731 1192 corpus
775 1108 1003 1175 Christi
1046 1110 1387 1192 mysticum
1414 1113 1509 1174 est
1557 1110 1792 1192 magis,

248 1219 349 1284 vel
372 1236 558 1301 aeque
606 1217 844 1297 nobile,
894 1235 1091 1298 quam
1139 1234 1373 1300 corpus
1412 1216 1643 1281 Christi
1675 1236 1797 1285 ve-

248 1345 395 1390 rum
465 1344 485 1389 t
566 1325 678 1390 sed
746 1342 976 1388 verum
1043 1322 1275 1387 Christi
1334 1342 1567 1408 corpus
1635 1325 1793 1390 ado-

250 1436 427 1498 ratur
458 1432 649 1496 latria
681 1453 696 1496 z
749 1449 907 1513 ergo
943 1435 1008 1495 et
1060 1449 1292 1514 corpus
1319 1431 1546 1495 Christi
1575 1434 1797 1516 mysti-

252 1559 423 1604 cum.

332 1654 391 1712 5.
424 1647 584 1712 Item
610 1647 834 1712 eadem
880 1647 1245 1713 adoratione
1286 1649 1586 1713 adoratur
1611 1652 1802 1730 caput

255 1756 448 1838 regis,
486 1759 552 1818 et
577 1753 704 1819 alia
741 1756 1030 1819 membra
1060 1775 1078 1819 z
1110 1756 1217 1820 sed
1267 1756 1553 1822 Christus
1574 1760 1668 1820 est
1696 1775 1805 1820 ca-

258 1869 373 1947 put
402 1861 718 1942 Ecclesiae,
737 1867 800 1926 et
826 1862 1127 1927 adoratur
1150 1862 1516 1929 adoratione
1544 1883 1693 1947 quae
1708 1866 1805 1930 est

259 1973 443 2037 latria
471 1990 670 2053 :ergo
695 1972 908 2036 atalia
929 1973 1072 2054 ejus
1097 1971 1415 2038 membra.

341 2086 401 2146 6.
438 2081 599 2146 Item
651 2081 978 2163 quodlibet
1019 2080 1387 2146 membrum
1439 2080 1666 2146 Christi
1713 2086 1816 2158 est,

261 2187 484 2270 imago
507 2187 770 2266 Christi3
787 2206 906 2252 nec
933 2186 1152 2270 imago
1179 2192 1456 2268 tantum,
1480 2188 1590 2254 sed
1614 2187 1807 2252 etiam

261 2293 485 2373 imago
533 2290 874 2355 assimilata
914 2309 1027 2376 per
1069 2292 1345 2372 gratiam
1392 2316 1407 2356 :
1449 2292 1559 2357 sed
1604 2291 1812 2357 honor

262 2398 593 2480 imaginis,
645 2398 809 2462 sicut
839 2398 978 2462 vult
1008 2398 1434 2463 Damascenus
1458 2402 1511 2479 ¹,
1542 2400 1812 2465 refertur

266 2506 347 2569 ad
373 2508 819 2589 prototypum,
850 2505 912 2568 id
940 2508 1034 2569 aet
1057 2505 1137 2569 ad
1164 2506 1508 2589 principale
1555 2506 1815 2589 signifi-

270 2619 482 2677 catum
512 2630 715 2693 :ergo
741 2613 793 2675 si
821 2616 1231 2696 prototypum
1257 2614 1559 2678 adoratur
1582 2615 1813 2679 adora-

270 2721 441 2785 tione
464 2720 694 2800 latriae,
722 2720 978 2785 videtur
1001 2721 1172 2804 quod
1188 2724 1251 2785 et
1275 2722 1568 2786 membra
1594 2721 1817 2787 Chris-

272 2829 344 2907 ti,
376 2829 444 2891 in
478 2828 716 2911 quibus
745 2831 840 2893 est
864 2829 1131 2911 reperiri
1155 2829 1512 2911 imaginem
1538 2834 1811 2912 naturae,

274 2939 339 3000 et
361 2936 844 3001 similitudinem
875 2937 1126 3018 gratiae.

353 3043 477 3109 Sed
506 3048 730 3109 contra
768 3068 785 3108 ε
819 3043 959 3109 Non
987 3063 1217 3111 sumus
1257 3047 1546 3112 membra
1585 3046 1817 3113 Christi

274 3153 400 3217 nisi
425 3158 745 3237 quantum
771 3154 853 3218 ad
880 3155 1345 3219 humanitatem
1396 3177 1411 3220 :
1452 3172 1612 3237 ergo
1638 3155 1693 3218 si
1722 3155 1815 3218 la-

274 3261 399 3325 tria
424 3265 519 3325 est
546 3260 758 3326 cultus
784 3260 913 3326 Deo
934 3261 1204 3342 debitus,
1235 3262 1489 3326 videtur
1512 3261 1686 3344 quod
1722 3262 1818 3326 la-

276 3369 398 3433 tria
424 3368 733 3434 membris
756 3367 985 3433 Christi
1008 3387 1142 3433 non
1164 3369 1694 3435 communicetur.

357 3477 517 3544 Item
543 3476 838 3542 membra
877 3476 1102 3541 Christi
1147 3477 1225 3541 ad
1264 3478 1545 3543 invicem
1584 3477 1823 3543 habent

278 3586 644 3650 societatem
675 3584 828 3649 :sed
867 3584 1151 3650 adoratio
1190 3585 1393 3650 latriae
1419 3585 1600 3670 ponit
1636 3586 1822 3653 habi-

280 3693 575 3758 tudinem
621 3694 685 3757 et
723 3693 1001 3775 gradum
1026 3692 1327 3774 dominii,
1368 3697 1432 3758 et
1472 3694 1818 3774 servitutis,

280 3800 451 3865 inter
474 3800 871 3880 adorantem,
893 3804 958 3865 et
976 3799 1311 3866 adoratum
1341 3819 1360 3864 ε
1392 3818 1550 3882 ergo
1568 3801 1825 3866 videtur

282 3907 453 3990 quod
509 3924 723 3973 unum
784 3908 1150 3973 membrum
1182 3924 1331 3972 ,non
1370 3907 1596 3974 debeat
1643 3908 1824 3976 alteri

282 4015 527 4079 cultum
552 4014 780 4079 latriae.

357 4122 518 4188 Item
544 4140 677 4187 non
701 4125 797 4186 est
822 4121 1043 4186 eadem
1080 4122 1448 4188 adoratione
1480 4126 1546 4186 et
1579 4123 1823 4190 honore

280 4231 686 4297 venerandus
723 4230 1043 4309 dominus,
1077 4233 1140 4294 et
1181 4247 1450 4295 servus:
1481 4230 1591 4296 sed
1616 4248 1825 4295 mem-

280 4337 396 4402 bra
423 4337 652 4403 Christi
685 4340 837 4401 sunt
864 4337 1149 4420 subjecta
1173 4336 1468 4403 servituti
1506 4336 1737 4403 Christi
1763 4342 1828 4404 et

282 4444 394 4511 Dei
424 4468 442 4511 z
472 4464 635 4529 ergo
653 4444 1022 4511 adoratione
1043 4445 1241 4510 latriae
1269 4462 1404 4510 non
1426 4445 1660 4510 debent
1683 4445 1829 4511 ado-

284 4571 438 4619 ran.

368 4661 528 4727 Item
564 4664 779 4747 major
815 4665 912 4728 est
953 4662 1293 4728 auctoritas
1333 4665 1399 4729 et
1440 4664 1713 4746 potestas
1758 4663 1829 4726 in

288 4770 458 4835 malo
481 4770 773 4854 praelato,
802 4789 1000 4855 quam
1027 4771 1097 4835 in
1123 4771 1291 4836 bono
1319 4770 1575 4837 subdito
1615 4792 1631 4836 :
1669 4789 1828 4853 ergo

289 4879 497 4962 major
538 4876 809 4943 debetur
862 4879 1219 4944 reverentia
1256 4877 1374 4943 ei·
1394 4878 1533 4943 sed
1588 4881 1832 4942 constat

291 4984 461 5066 quod
487 4985 660 5049 malo
686 4984 951 5069 praelato
974 5004 1107 5052 non
1130 4985 1398 5053 debetur
1437 4984 1642 5050 latriae
1667 4985 1829 5050 ado-

289 5092 517 5160 ratio:
569 5110 730 5175 ergo
768 5092 1193 5159 multominus
1233 5092 1520 5174 subdito,
1568 5091 1683 5177 qui
1733 5095 1832 5157 est

288 5200 657 5265 membrum
681 5198 933 5266 Christi.

352 5435 373 5469 ¹
400 5434 654 5497 Damna,
675 5432 739 5483 de
764 5433 968 5485 orthod.
999 5433 1138 5497 rid„
1159 5432 1246 5484 lib.
1271 5433 1359 5496 tv,
1380 5446 1427 5484 c.
1449 5443 1579 5485 ιω.

527 5539 679 5590 ¹808.
720 5540 811 5592 Π.

1967 970 2235 1039 mihera,
2267 972 2398 1041 quia
2428 970 2597 1026 latria
2635 972 2850 1028 ratione
2878 970 3206 1028 weallcntioe
3231 974 3285 1028 et
3319 987 3442 1028 ma-

1963 1059 2182 1131 J'estatis
2209 1059 2506 1127 cohibetur,
2537 1074 2655 1130 quoe
2675 1059 2925 1116 membris
2948 1074 3057 1116 non
3096 1063 3441 1118 conveniunt.

1986 1220 2169 1304 Resp.
2205 1220 2286 1284 ad
2313 1237 2455 1302 arg.
2486 1218 2834 1285 Dicendum
2868 1218 3041 1303 quod
3066 1219 3306 1304 absque
3324 1220 3446 1286 du·

1906 1329 2012 1394 bio
2060 1328 2272 1394 cultus
2312 1327 2515 1392 latriae
2567 1327 2873 1393 membris
2906 1326 3132 1393 Christi
3171 1346 3306 1393 non
3355 1331 3454 1393 est

1906 1436 2344 1515 exhibendus,
2394 1453 2510 1519 pro
2553 1453 2630 1500 eo
2668 1434 2840 1518 quod
2886 1435 3176 1500 membra
3224 1434 3453 1501 Christi

1907 1562 2135 1609 sumus
2151 1542 2507 1608 secundum
2530 1543 2886 1607 humanam
2905 1545 3237 1621 naturam3
3268 1547 3333 1607 et
3360 1544 3455 1607 sic

1909 1669 2136 1717 snmus
2164 1651 2475 1731 membra,
2505 1654 2580 1715 ut
2606 1654 2819 1716 tamen
2838 1649 3000 1714 ratio
3027 1649 3300 1715 membri
3322 1667 3457 1714 non

1910 1760 2090 1825 tollat
2115 1758 2431 1823 rationem
2458 1757 2815 1835 servitutis,
2855 1774 2973 1822 nec
3011 1760 3206 1839 ponat
3230 1774 3457 1839 aequa-

1912 1869 2156 1933 litatem
2182 1866 2532 1949 dignitatis.
2562 1865 2640 1929 Et
2667 1864 2975 1948 quoniam
2990 1864 3175 1929 latria
3192 1864 3458 1931 debetur

1913 1975 2191 2041 Creatori
2216 1973 2461 2038 ratione
2496 1992 2632 2039 suae
2671 1974 3018 2057 majoetatis
3051 1977 3116 2038 et
3140 1973 3460 2038 excellen-

1915 2082 2021 2146 tiae
2040 2129 2057 2157 ‚
2107 2081 2259 2144 hinc
2302 2083 2400 2144 est
2443 2081 2615 2162 quod
2676 2080 2982 2144 membris
3040 2077 3268 2143 Christi
3325 2097 3459 2143 non

1915 2188 2217 2270 competit
2242 2185 2451 2250 cultus
2474 2186 2702 2251 latriae.
2733 2185 2932 2251 Multa
2957 2184 3132 2249 enim
3166 2185 3463 2250 distantia

1916 2293 2107 2359 distat
2159 2297 2349 2376 caput
2393 2311 2433 2356 a
2477 2310 2741 2375 corpore
2758 2339 2777 2372 ,
2823 2292 3068 2358 ratione
3114 2290 3464 2356 divinitatis
3485 2336 3504 2351 .

1918 2403 2142 2468 unitae.
2195 2400 2368 2466 Unde
2405 2399 2820 2466 concedendae
2863 2405 3020 2465 sunt
3062 2400 3341 2465 rationes
3381 2398 3462 2465 ad

1917 2510 2084 2575 hanc
2111 2513 2358 2593 partem
2388 2508 2689 2574 inductae.

2002 2626 2031 2683 1
2046 2666 2061 2683 .
2115 2617 2215 2683 Ad
2265 2616 2423 2682 illud
2472 2634 2631 2698 ergo
2675 2614 2849 2698 quod
2897 2613 3194 2697 objicitur
3214 2661 3235 2694 ,
3291 2614 3466 2697 quod

1920 2725 2247 2790 Abraham
2284 2724 2574 2793 adoravit
2606 2725 2737 2787 tres
2780 2722 3047 2804 angelos
3061 2770 3080 2801 ‚
3118 2721 3465 2787 dicendum

1920 2833 2092 2916 quod
2121 2832 2228 2896 isti
2271 2830 2488 2913 angeli
2523 2831 2833 2894 creaturae
2870 2827 3208 2894 rationales
3228 2830 3412 2892 erant
3444 2847 3463 2894 z

1922 2943 1986 3003 et
2037 2942 2253 3003 tamen
2305 2938 2386 3005 ad
2460 2934 3087 3020 repraesentationem
3143 2932 3470 2998 Trinitatis

1921 3046 2044 3130 ipsi
2066 3045 2344 3111 Abrahae
2372 3048 2841 3128 apparuerunt,
2872 3046 2939 3109 et
2973 3047 3322 3126 utrumque
3347 3040 3470 3106 ho-

1922 3173 2074 3220 rum
2092 3154 2214 3239 ipsi
2230 3154 2506 3220 Abrahae
2523 3158 2751 3220 notum
2769 3156 2928 3219 erat.
2953 3151 3033 3219 Et
3054 3151 3125 3217 in
3146 3155 3466 3235 quantum

1924 3269 2235 3329 creaturae
2320 3263 2659 3329 rationales
2732 3263 2946 3338 erant,
3019 3258 3314 3324 exhibuit
3377 3259 3473 3323 eis

1924 3371 2253 3436 Abraham
2276 3389 2412 3436 non
2437 3369 2873 3436 adorationem
2897 3366 3123 3444 latriae,
3153 3366 3265 3431 sed
3283 3382 3469 3432 reve-

1926 3479 2201 3544 rentiam
2216 3478 2434 3559 duliae,
2453 3481 2519 3543 et
2539 3477 2922 3560 mysterium
2942 3473 3467 3552 honorificentiae3

1927 3584 1998 3648 in
2023 3589 2343 3667 quantum
2369 3588 2586 3650 autem
2611 3583 2881 3666 signum
2910 3580 3230 3647 Trinitatis
3265 3582 3469 3663 erant,

1927 3692 2223 3758 exhibuit
2262 3691 2587 3757 Abraham
2621 3689 2872 3755 cultum
2911 3689 3150 3769 latriae,
3131 3708 3147 3724 ·
3178 3705 3336 3769 non,
3363 3688 3472 3751 in·-

1927 3818 2151 3882 quam,
2180 3799 2390 3882 signo,
2422 3798 2571 3864 sed
2554 3796 2678 3882 ipsi
2703 3797 3002 3880 signato:
3033 3795 3114 3860 ad
3146 3795 3270 3861 hoc
3298 3794 3474 3861 enim

1928 3906 2281 3990 specialiter
2305 3905 2714 3990 apparebant.
2745 3902 2889 3972 Non
2915 3903 3006 3970 sic
3030 3906 3248 3969 autem
3273 3907 3370 3967 est
3396 3901 3475 3969 de

1929 4015 2235 4081 membris
2260 4014 2537 4080 Christi:
2568 4014 2878 4098 quoniam
2898 4013 3017 4079 etsi
3044 4011 3128 4079 ab
3154 4012 3248 4078 eis
3276 4010 3478 4096 possit

1930 4124 2228 4206 cognosci
2281 4120 2596 4203 Trinitas,
2644 4127 2862 4188 tamen
2912 4139 3046 4187 non
3088 4121 3181 4186 sic
3233 4137 3474 4204 reprae·

1930 4236 2185 4296 sentant
2208 4251 2291 4297 ex
2314 4230 2570 4315 speciali
2590 4230 3009 4310 institutione,
3035 4228 3142 4296 vel
3167 4227 3475 4294 missione

1931 4337 2186 4417 divina;
2215 4342 2279 4403 et
2303 4338 2447 4404 ideo
2472 4357 2604 4404 non
2633 4342 2728 4404 est
2752 4338 2845 4402 eis
2867 4336 3230 4404 exhibenda
3263 4335 3472 4416 latria,

1931 4462 2050 4508 nec
2073 4448 2396 4527 quantum
2415 4445 2496 4510 ad
2522 4445 2683 4511 illud
2708 4444 2881 4528 quod
2907 4448 3081 4526 sunt,
3125 4462 3243 4509 nec
3267 4459 3475 4527 quan·

1931 4555 2074 4617 tum
2100 4553 2180 4616 ad
2214 4552 2374 4618 illud
2397 4552 2571 4636 quod
2593 4571 2708 4636 per
2729 4571 2839 4619 eos
2863 4543 3270 4635 intelligitur.

2013 4664 2075 4723 2.
2113 4659 2212 4724 Ad
2237 4660 2401 4726 illud
2424 4659 2599 4743 quod
2642 4660 2968 4742 objicitur,
2987 4659 3170 4743 ,quod
3205 4657 3483 4725 Ioannes

1934 4766 2132 4831 voluit
2160 4767 2424 4832 adorare
2451 4766 2781 4849 angelum,
2802 4766 3144 4832 dicendum
3171 4765 3345 4849 quod
3372 4782 3486 4832 no-

1932 4874 2057 4939 luit
2106 4876 2372 4941 adorare
2440 4893 2595 4942 eum
2646 4874 3014 4940 adoratione
3061 4872 3267 4939 latriae
3285 4921 3307 4955 ,
3370 4873 3483 4939 sed

1936 4982 2156 5049 duliae.
2194 4983 2274 5047 Et
2300 4983 2472 5066 quod
2500 4981 2832 5065 objicitur,
2881 4983 3055 5066 quod
3092 5000 3227 5048 non
3264 4981 3486 5049 debuit

1936 5107 2090 5156 eum
2145 5091 2420 5175 angelus
2469 5089 2810 5175 prohibere
2827 5137 2851 5172 ,
2908 5089 3254 5155 dicendum
3312 5093 3484 5174 quod

1938 5198 2072 5264 imo
2132 5198 2365 5283 triplici
2419 5198 2668 5265 ratione
2719 5216 2738 5264 z
2791 5197 3005 5282 prima
3058 5197 3321 5283 quidem
3392 5204 3490 5268 est

1938 5310 2196 5392 propter
2234 5306 2618 5390 dignitatem
2656 5307 2859 5391 ipsius
2895 5306 3185 5389 loannis,
3223 5309 3340 5393 qui
3364 5327 3490 5376 ex-

1940 5416 2267 5480 cellentior
2290 5397 2428 5481 erat
2454 5416 2675 5482 multis
2703 5419 2951 5498 angelis
2968 5440 2988 5497 ;
3008 5417 3288 5483 secunda
3306 5435 3485 5496 vero,

3173 5529 3256 5592 u
