4185 6288
743 371 863 433 584

1834 356 2454 425 SENTEN'HARUM
2495 359 2646 426 LIB.
2692 362 2805 437 ΙΙΙ,

742 504 904 567 duas
952 500 1190 566 medias
1240 500 1447 565 medio
1494 498 1686 563 modo
1725 516 1792 561 se
1852 495 2079 571 habet,
2135 494 2291 577 quia
2395 495 2702 577 intuetur,
2724 498 3060 563 dicendum
3087 499 3258 581 quod
3285 498 3513 566 merita
3533 498 3934 562 intuericon-

745 608 1024 693 quodam
1061 609 1250 673 modo
1289 605 1621 689 praecedit,
1653 603 1931 688 quodam
1977 601 2167 667 modo
2197 620 2290 666 se-

745 718 989 801 quitur.
1040 714 1203 780 Nam
1246 733 1424 798 speS,
1478 715 1671 797 prout
1704 712 1994 776 nominat
2042 714 2286 774 motum

747 824 917 907 spei,
949 823 1230 907 procedit
1255 842 1337 887 ex
1370 823 1746 886 meritorum
1779 821 2014 883 intuitu
2039 867 2053 895 ,
2084 821 2150 882 et
2186 835 2290 880 se-

748 931 1038 996 cundum
1083 931 1415 995 veritatem
1461 936 1554 994 est
1600 929 1984 1012 principium
2026 926 2288 989 merito-

749 1060 900 1107 rum
929 1041 1374 1126 sequentium;
1416 1045 1609 1124 prout
1642 1044 1859 1104 autem
1895 1055 2037 1121 spes
2063 1036 2294 1100 dicitur

750 1150 1048 1233 quaedam
1093 1150 1403 1214 certitudo
1445 1153 1508 1213 et
1550 1152 1777 1223 status,
1806 1149 1895 1210 sic
1940 1144 2294 1209 secundum

754 1258 1084 1322 veritatem
1112 1276 1193 1320 ex
1225 1257 1466 1320 meritis
1491 1256 1686 1319 habet
1711 1259 1955 1329 ortum,
1985 1257 2048 1316 et
2073 1256 2168 1317 est
2194 1252 2290 1315 ni-

754 1364 1105 1429 hilominus
1144 1364 1607 1428 adminiculum
1646 1363 1727 1428 ad
1771 1362 2109 1445 perfectius
2156 1378 2288 1423 me·

754 1472 1050 1538 rendum.
1082 1471 1194 1537 llla
1230 1473 1403 1536 enim
1442 1471 1752 1536 certitudo
1792 1471 1927 1552 spei
1963 1466 2298 1548 consurgit

754 1599 836 1644 ex
876 1580 1277 1663 perpessione
1307 1580 1790 1643 tribulationum
1808 1625 1825 1657 ,
1857 1582 1920 1641 et
1946 1575 2297 1641 vehemen-

716 1667 730 1680 ”
756 1692 852 1753 ter
891 1688 1229 1752 confirmat
1262 1690 1325 1750 et
1364 1687 1674 1750 confortat
1700 1686 1982 1749 animam
2010 1686 2082 1747 ut
2113 1701 2151 1746 a
2178 1683 2293 1746 tri-

754 1795 1157 1860 bulationum
1185 1794 1563 1858 sustinentia
1598 1811 1728 1856 non
1759 1793 2028 1856 recedat.
2062 1790 2161 1855 Ex
2196 1790 2299 1855 his

755 1906 927 1986 patet
956 1903 1281 1985 responsio
1308 1901 1388 1965 ad
1416 1901 1832 1984 quaestionem
1863 1899 2251 1981 propositam
2276 1919 2293 1975 3

756 2015 923 2092 patet
959 2010 1151 2073 etiam
1180 2010 1507 2093 responsio
1535 2009 1612 2074 ad
1649 2010 1895 2092 objecta
1915 2056 1935 2087 ,
1965 2007 2119 2089 quia
2158 2025 2301 2088 spes

755 2117 1036 2201 quodam
1067 2117 1254 2182 modo
1281 2117 1643 2199 accipienda
1668 2121 1763 2180 est
1803 2134 1885 2179 ex
1924 2113 2208 2191 meritis,
2240 2120 2302 2178 et

756 2225 1034 2306 quodam
1079 2223 1267 2287 modo
1307 2228 1402 2287 est
1443 2223 1828 2306 principium
1874 2222 2296 2287 meritorum:

757 2336 820 2395 et
851 2331 1206 2395 secundum
1232 2331 1355 2395 hoc
1390 2336 1662 2395 currunt
1688 2331 1964 2394 rationes
1992 2331 2073 2395 ad
2102 2348 2302 2413 oppo-

758 2439 912 2502 sitas
942 2442 1183 2519 partes,
1213 2441 1277 2502 et
1302 2443 1595 2521 uttaeque
1635 2439 1989 2502 secundum
2023 2438 2305 2504 diversas

761 2545 900 2608 vias
941 2543 1213 2627 probant
1245 2549 1309 2608 et
1351 2544 1738 2608 concludunt
1787 2544 2141 2624 veritatem,
2188 2564 2305 2610 ex-

763 2650 957 2733 ceptis
974 2640 1233 2713 'duabus
1260 2650 1504 2713 ultimis
1533 2650 1887 2715 rationibus
1914 2653 2200 2717 adductis
2226 2654 2306 2718 ad

763 2764 1106 2840 utramque
1137 2761 1403 2839 partem.

528 2872 737 2990 {ftpbssd
845 2866 939 2929 Ad
979 2865 1133 2930 illud
1175 2866 1351 2930 enim
1379 2866 1552 2949 quod
1580 2868 1878 2950 objicitur
1906 2869 1982 2932 de
2010 2869 2308 2951 despera-

551 2997 705 3104 ruudt..
769 2975 960 3053 tione,
991 2978 1195 3056 potest
1218 2974 1584 3057 responderi
1610 2975 1782 3058 quod
1806 2994 1938 3039 non
1956 2982 2050 3040 est
2076 2976 2305 3054 simile,

552 3075 651 3106 men
700 3095 710 3106 .
728 3071 741 3080 '

669 3076 695 3106 ⁰
770 3099 885 3164 pro
909 3098 987 3144 eo
1013 3080 1183 3165 quod
1222 3100 1372 3146 cum
1399 3082 1748 3166 desperatio
1788 3084 1950 3148 dicat
1979 3084 2306 3166 profundi-

771 3193 966 3254 tatem
1010 3190 1273 3271 peccati,
1318 3191 1536 3255 nullus
1581 3192 1729 3255 illuc
1760 3192 1841 3270 (α)
1885 3192 2306 3274 demergitur,

767 3298 888 3364 nisi
930 3315 1043 3380 per
1080 3296 1360 3381 aliquam
1403 3297 1659 3380 culpam
1686 3298 2148 3381 praecedentem
2178 3299 2306 3362 dis-

768 3407 1083 3487 ponatur3
1135 3423 1264 3468 non
1311 3404 1402 3469 sic
1455 3409 1670 3469 autem
1713 3424 1856 3489 spes
1904 3406 2055 3470 dicit
2101 3408 2310 3471 meriti

769 3511 1218 3594 perfectionem
1259 3514 1611 3578 secundum
1652 3514 2017 3595 generalem
2057 3515 2155 3578 sui
2201 3534 2305 3578 ac-

769 3619 1125 3701 ceptionem
1158 3641 1173 3683 :
1214 3618 1357 3684 ideo
1387 3638 1518 3685 non
1543 3625 1791 3704 oportet
1816 3621 1985 3705 quod
2018 3622 2313 3705 procedat

769 3743 848 3789 ex
878 3726 1122 3790 meritis
1142 3775 1158 3802 ,
1189 3733 1379 3809 prout
1406 3728 1693 3792 nominat
1731 3730 1933 3812 ipsam
1962 3729 2266 3794 virtutem
2284 3778 2306 3810 ,

774 3832 875 3896 vel
898 3835 1037 3915 ejus
1065 3837 1301 3915 actum,
1331 3836 1494 3900 sicut
1521 3837 1891 3920 desperatio,
1923 3854 2070 3919 quae
2100 3844 2195 3901 est
2220 3838 2311 3901 vi·

771 3940 937 4005 tium
979 3942 1357 4025 demergens
1396 3945 1466 4007 in
1505 3944 1917 4027 protundum,
1971 3945 2312 4026 praeexigit

771 4047 949 4113 aliud
973 4055 1324 4133 peccatum.
1356 4050 1671 4116 Praeterea
1696 4052 1819 4117 alia
1853 4051 1931 4116 de
1958 4070 2149 4116 causa
2179 4070 2312 4116 non

772 4158 867 4221 est
895 4156 1098 4221 simile
1117 4205 1133 4234 ,
1169 4158 1323 4240 quia
1348 4177 1465 4222 nos
1486 4207 1504 4236 ,
1536 4164 1599 4223 et
1627 4178 1705 4224 ca
1742 4178 1891 4242 quae
1917 4162 2072 4224 sunt
2097 4160 2166 4224 in
2193 4179 2312 4224 no-

772 4264 871 4328 bis
898 4268 961 4328 et
986 4284 1027 4329 a
1058 4266 1268 4345 nobis,
1298 4270 1451 4331 sunt
1482 4266 1793 4350 principia
1828 4268 2135 4332 vitiorum
2162 4288 2314 4334 nos-

773 4375 1022 4435 trorum
1056 4395 1069 4437 :
1101 4391 1234 4437 non
1274 4374 1364 4437 sic
1400 4377 1616 4438 autem
1643 4379 1737 4439 est
1763 4376 1840 4441 de
1870 4376 2053 4441 bonis
2074 4427 2091 4458 ,
2124 4379 2311 4462 quia¹

774 4495 953 4546 omne
994 4480 1221 4549 datum
1245 4485 1576 4565 optimum,
1602 4490 1663 4551 et
1689 4500 1871 4551 omne
1899 4484 2141 4551 donum
2165 4504 2315 4569 per-

775 4591 1003 4669 fectum
1039 4590 1375 4659 desursum
1414 4600 1510 4661 est
1536 4612 1559 4658 .·
1590 4593 1731 4659 ideo
1771 4612 1902 4658 non
1942 4594 2032 4658 sic
2068 4599 2315 4679 oportet

773 4714 952 4778 spem
976 4717 1057 4762 ex
1087 4704 1305 4764 nostro
1330 4701 1482 4764 oriri
1510 4702 1757 4780 merito,
1780 4702 1947 4766 sicut
1964 4702 2315 4787 desperatio

775 4804 980 4869 oritur
1002 4825 1083 4869 ex
1108 4808 1286 4872 vitio.

536 4914 747 5022 lgffissl
853 4913 952 4976 Ad
995 4914 1152 4978 illud
1192 4915 1480 4985 similiter
1524 4918 1696 5000 quod
1740 4918 1970 4983 ultimo
2015 4920 2316 5003 objicitur

557 5036 721 5098 ωυρμ.
776 5037 854 5081 cx
883 5019 1007 5083 alia
1038 5027 1214 5102 parte
1237 5072 1255 5103 ,
1283 5025 1456 5107 quod
1483 5024 1585 5090 vir
1609 5025 1873 5090 humilis
1915 5027 2144 5092 merita
2182 5046 2315 5093 non

838 5135 851 5167 ¹
878 5135 1002 5195 lac„
1035 5149 1072 5200 ι,
1095 5142 1168 5188 17.
1194 5167 1245 5177 -
1274 5142 1297 5175 ¹
1324 5142 1541 5201 Denter„
1573 5154 1740 5204 xxxn,
1775 5146 1915 5193 27.-
1940 5144 1962 5179 ³
1985 5143 2134 5207 thid,
2163 5157 2232 5207 1x,
2264 5149 2310 5195 4.

774 5204 890 5252 -⁸l
914 5206 1050 5267 Corn,
1072 5222 1154 5272 xv,
1175 5216 1246 5262 ¹0.
1262 5215 1345 5249 —5
1366 5214 1446 5274 Cf.
1462 5213 1602 5263 Alex.
1628 5213 1818 5277 Mens„
1837 5216 2000 5278 Cant„
2018 5231 2068 5279 p.
2096 5218 2179 5277 lli,
2195 5216 2311 5266 coll.

769 5280 971 5337 1.v,.art.
998 5284 1058 5341 23
1096 5286 1149 5333 S.
1171 5287 1374 5353 Timui„
1397 5287 1533 5347 11-11,
1564 5299 1615 5359 q.
1647 5293 1889 5350 xv11‚art.
1912 5292 1967 5352 8;
1987 5295 2040 5340 et
2060 5289 2121 5343 ΙΙΙ
2154 5292 2314 5350 Sene„

828 5358 899 5417 (a)
931 5357 1049 5407 Coet.
1074 5362 1192 5412 edit.
1215 5366 1331 5419 illio.

2397 601 2593 684 tingit
2629 604 2964 688 dupliciter
3010 628 3027 670 ι
3070 607 3172 671 vel
3206 606 3609 670 attribuendo
3646 605 3797 684 sibi,
3841 605 3938 669 vel

2397 710 2797 776 attribuendo
2848 712 3072 795 gratiae
3114 711 3375 777 divinae.
3434 712 3678 776 Intueri
3725 716 3938 777 autem

2402 819 2626 882 merita
2651 821 3053 885 attribuendo
3082 821 3231 900 sibi,
3262 821 3384 885 hoc
3408 826 3503 885 est
3526 821 3856 903 superbiae
3882 824 3941 884 et

2401 926 2719 1006 vanitatis,
2750 932 2813 991 et
2851 928 2942 991 sic
2982 928 3312 992 intuentur
3354 929 3649 1010 superbi,
3679 929 3801 1009 qui
3842 927 3939 990 di-

2401 1041 2596 1102 cunt’
2629 1061 2643 1104 ε
2680 1040 2914 1105 Manus
2957 1047 3182 1107 nostra
3220 1041 3497 1119 excelsa,
3538 1046 3601 1106 et
3635 1057 3776 1107 non
3819 1042 3943 1106 Do-

2400 1148 2640 1224 mina-⁹,
2672 1149 2819 1227 {ecit
2859 1147 2990 1213 hoec
3034 1150 3275 1220 omnia.
3319 1149 3546 1213 Contra
3576 1167 3748 1231 quos
3788 1148 3941 1212 dici-

2403 1258 2510 1318 tur
2530 1255 2552 1290 ⁸
2584 1277 2597 1318 :
2627 1254 2718 1320 Ne
2746 1254 2931 1321 dicas
2962 1257 3036 1321 in
3061 1255 3249 1321 corde
3275 1264 3384 1322 tuo
3411 1277 3434 1319 .·
3465 1256 3733 1337 Propter
3744 1255 3944 1338 justi·

2404 1363 2567 1427 tiam
2623 1378 2827 1428 meam
2880 1363 3253 1430 introductu
3310 1379 3406 1428 me
3463 1364 3821 1441 Dumium,
3880 1369 3942 1428 :a

2405 1476 2642 1536 terram
2666 1470 2831 1534 hanc
2855 1470 3266 1551 possiderem.
3299 1469 3536 1535 Intueri
3563 1475 3790 1534 autem
3822 1489 3944 1534 me-

2404 1576 2527 1640 rita
2553 1577 2880 1642 referendo
2908 1577 2987 1640 ad
3015 1577 3302 1642 divinam
3330 1579 3607 1658 gratiam
3631 1625 3654 1656 ,
3694 1578 3824 1642 hoc
3859 1583 3946 1642 est

2405 1683 2778 1748 humilitatis
2812 1688 2875 1765 et
2901 1684 3187 1748 veritatis
3208 1731 3227 1761 ,
3256 1689 3319 1748 et
3341 1684 3466 1748 hoc
3505 1684 3700 1747 modo
3739 1689 3946 1749 motus

2407 1789 2538 1872 spei
2567 1809 2656 1876 ex⁴
2687 1789 2930 1854 intuitu
2960 1791 3332 1855 meritorum
3369 1791 3560 1856 habet
3601 1791 3763 1854 oriri
3792 1813 3810 1854 :
3841 1809 3947 1873 per

2407 1914 2600 1978 quem
2658 1885 2921 1961 modum
2989 1897 3356 1961 intuebatur
3420 1897 3661 1962 Paulus
3727 1899 3947 1961 merita

2408 2005 2595 2068 sua‘:
2650 2004 3103 2071 Abundantius
3129 2006 3420 2072 omnibus
3448 2005 3750 2072 laboravi
3778 2027 3805 2069 .·
3828 2022 3946 2071 non

2408 2118 2619 2177 autem
2647 2128 2777 2195 eqo,
2804 2110 2920 2178 sed
2948 2113 3170 2195 ¹qratia
3202 2113 3319 2177 Dei
3341 2129 3605 2179 mecum.
3637 2114 3789 2178 Alia
3805 2132 3946 2178 vero

2408 2237 2556 2300 quae
2596 2220 3015 2301 objiciuntur,
3046 2220 3198 2283 satis
3223 2225 3375 2283 sunt
3399 2221 3766 2285 manifesta.

2906 2449 3263 2529 QUAESTIO
3306 2450 3412 2515 111.

2498 2613 2587 2669 An
2611 2627 2728 2685 spes
2747 2612 3016 2685 proecedat
3043 2613 3369 2669 charitatem
3397 2613 3590 2669 ordine
3636 2618 3882 2680 natum,

2975 2717 3050 2758 an
3075 2718 3102 2758 e
3125 2717 3368 2759 converso
3382 2712 3425 2759 ⁸.

2499 2862 2581 2927 De
2624 2881 2735 2945 spe
2784 2881 2897 2945 per
2941 2864 3477 2945 comparationem
3535 2866 3620 2929 ad
3668 2867 3950 2930 habitum
3976 2882 4102 2925 rw

2416 2973 2759 3052 charitatis,
2791 2978 3011 3038 utrum
3037 2972 3272 3038 scilicet
3300 2991 3441 3057 spes
3469 2975 3795 3057 praecedat
3823 2975 3957 3038 cha·

2415 3081 2665 3146 ritatem
2714 3081 2936 3146 ordine
2975 3084 3249 3158 naturae,
3291 3100 3375 3144 an
3417 3100 3455 3144 e
3502 3099 3857 3160 conver-sm
3902 3088 3955 3147 et

2417 3189 2700 3271 loquitur
2738 3189 2962 3262 hicde
3006 3189 3330 3253 habitibus
3373 3189 3442 3253 in
3487 3193 3955 3273 comparatione

2415 3298 2496 3361 ad
2543 3303 2759 3376 actus;
2802 3302 2865 3361 et
2904 3296 3076 3378 quod
3116 3316 3260 3378 spes
3294 3299 3634 3379 praecedat,
3683 3300 3954 3362 videtur.

2417 3401 2625 3485 Super
2674 3400 2836 3464 illud
2886 3400 3177 3467 Matthoei
3202 3407 3224 3441 ⁰
3270 3422 3296 3464 .·
3349 3400 3680 3466 Abraham
3738 3404 3955 3485 venuit

2417 3511 2606 3576 Isaac
2630 3531 2647 3587 ;
2694 3507 2909 3571 Glossa
2941 3531 2957 3572 ι
2989 3532 3019 3567 α
3047 3507 3114 3571 Id
3145 3513 3238 3572 est
3263 3508 3421 3572 fides
3447 3514 3724 3588 generat
3749 3527 3952 3591 spem,

2417 3635 2560 3699 spes
2585 3619 2852 3698 generat
2871 3615 3264 3680 charitatem.
3295 3638 3325 3675 n
3360 3615 3535 3697 Ergo
3561 3616 3616 3678 si
3644 3634 3957 3697 generans

2418 3727 2768 3793 secuudum
2807 3726 3097 3791 ordinem
3143 3731 3388 3792 naturae
3425 3727 3607 3809 prius
3631 3732 3728 3791 est
3760 3747 3956 3810 gene-

2417 3840 2585 3914 rat0‚
2615 3853 2868 3901 necesse
2913 3835 3202 3917 estquod
3231 3853 3375 3916 spes
3401 3836 3726 3916 praecedat
3754 3836 3958 3900 chari·

2417 3946 2630 4006 tatem.

2499 4050 2658 4114 Item
2679 4048 3060 4119 constructio
3085 4049 3335 4113 aediflcii
3361 4049 3714 4132 spiritualis
3741 4052 3959 4115 similis

2418 4163 2514 4222 est
2538 4156 2805 4224 aedificio
2832 4156 3142 4221 materiali
3175 4179 3189 4218 :
3227 4156 3336 4220 sed
3365 4157 3432 4219 in
3462 4158 3735 4223 aedificio
3763 4167 3960 4223 mate-

2419 4268 2559 4331 riali
2586 4285 2719 4332 non
2741 4265 2951 4330 solum
2976 4265 3463 4330 fundamentum
3491 4267 3799 4347 praecedit
3821 4266 3960 4330 aedi-

2419 4375 2548 4440 ficii
2574 4374 3132 4457 complementum,
3153 4373 3261 4436 sed
3290 4372 3482 4436 etiam
3506 4372 3719 4454 paries
3746 4392 3960 4438 secun-

2419 4483 2576 4547 dum
2606 4487 2857 4548 rectum
2895 4481 3183 4546 ordinem
3224 4479 3533 4544 antecedit
3576 4481 3798 4563 ipsum
3834 4486 3959 4546 tec-

2421 4597 2583 4658 tum.
2630 4590 2698 4657 Si
2735 4609 2891 4672 ergo
2939 4591 3094 4655 fides
3136 4590 3526 4654 assimilatur
3570 4591 3693 4672 ipsi
3735 4592 3962 4656 funda·

2422 4705 2637 4765 mento
2676 4698 3078 4778 sustentanti,
3118 4701 3181 4760 et
3219 4716 3362 4780 spes
3403 4697 3634 4779 parleti
3671 4699 3962 4780 erigenti,

2419 4812 2485 4873 et
2510 4807 2786 4872 charitas
2810 4809 2974 4871 tecto
2999 4805 3492 4882 consummanti,
3515 4804 3779 4869 videtur
3803 4804 3996 4887 quod·

2421 4892 2564 4999 spes
2591 4914 2904 4998 praecedat
2927 4913 3130 4996 ipsam
3155 4912 3549 4975 charitatem.

2503 5023 2682 5102 Item,
2713 5020 3062 5086 secundum
3090 5018 3452 5082 naturalem
3478 5019 3781 5084 ordinem
3798 5068 3818 5093 ,
3844 5020 3962 5082 im·

2421 5149 2538 5199 dist.
2564 5160 2708 5208 xxvr,
2735 5162 2786 5210 q.
2810 5158 2872 5207 11,
2892 5149 2984 5195 art.
3009 5147 3066 5207 35
3095 5148 3146 5193 et
3177 5143 3239 5192 de
3274 5145 3453 5207 Ver-it„
3479 5160 3533 5209 q.
3565 5158 3638 5207 w,
3670 5153 3766 5196 art.
3800 5149 3860 5207 33
3887 5147 3960 5195 ni-

2421 5220 2658 5277 chardus‚
2690 5219 2751 5268 ttl
2783 5218 2941 5279 Sem„
2964 5216 3077 5265 dist.
3110 5227 3251 5275 xxvi,
3282 5222 3377 5267 art.
3411 5221 3461 5274 2.
3498 5232 3550 5282 q.
3587 5231 3656 5281 ¹¹3
3687 5220 3963 5284 Stephanus

2423 5291 2708 5354 Brulef.,lll
2726 5289 3006 5352 Sent.,dist.
3029 5300 3172 5350 xxvi,
3192 5302 3244 5351 q.
3265 5300 3366 5350 v113
3385 5289 3546 5341 Gabr.
3569 5291 3961 5356 Bie1.,111&³z„

2421 5365 2537 5414 dist.
2567 5374 2711 5425 xxvi,
2741 5375 2789 5425 q.
2817 5375 2854 5421 ι,
2878 5360 3000 5417 dub.
3023 5370 3085 5407 ιι.
3110 5359 3210 5394 -0
3237 5358 3447 5422 Barth„
3474 5373 3517 5423 ι,
3544 5366 3590 5412 2.
3710 5358 3714 5363 ’
