4185 6288
1404 518 1599 584 DlST.
1645 518 1695 583 Ι.
1738 516 1921 584 ART.
1966 515 2044 581 ΙΙ.
2089 512 2392 593 QUAEST.
2436 513 2541 582 IV.

358 663 469 725 tari
509 662 586 726 in
623 662 861 739 fllium,
896 658 1050 751 hinc
1086 660 1183 722 est
1210 655 1382 738 quod
1428 655 1646 720 missio
1673 653 1746 718 iu
1777 671 1912 717 car-

3484 519 3563 580 29

2023 654 2115 718 sit
2157 650 2396 718 Filium
2443 667 2633 716 suum
2681 652 2757 716 in
2808 647 3301 716 similitudinem
3344 651 3566 716 carnis

356 787 506 834 nem
531 769 599 833 ei
619 784 919 851 personae
939 765 1354 847 competebat,
1385 764 1490 829 cui
1513 763 1723 845 primo
1744 779 1914 826 com-
2020 761 2270 841 peccati
2289 781 2314 823 .·
2336 777 2495 841 ergo
2544 758 2798 822 videtur
2839 757 3010 839 quod
3038 774 3404 838 congruum
3427 756 3568 820 fue·

355 880 614 961 petebat
643 878 814 942 mitti
857 899 874 942 ε
924 881 987 940 et
1032 874 1185 958 quia
1218 891 1488 957 persona
1539 872 1683 937 Filii
1725 871 1917 935 habet

357 986 522 1051 mitti
548 986 770 1051 solum
801 1004 841 1049 a
867 984 1074 1061 Patre,
1104 999 1377 1065 persona
1415 980 1688 1063 Spiritus
1716 977 1916 1041 sancti

355 1097 547 1161 habet
577 1096 755 1159 mitti
781 1096 863 1159 ab
888 1099 1185 1176 utroque,
1216 1091 1371 1156 hinc
1392 1095 1487 1154 est
1510 1088 1680 1171 quod
1707 1087 1917 1170 primo

355 1203 630 1268 decebat
653 1201 893 1265 Filium
920 1199 1089 1262 mitti
1110 1199 1180 1262 in
1204 1215 1485 1274 carnem,
1502 1200 1597 1274 ut,
1618 1195 1918 1277 redemp-

356 1310 531 1373 tione
560 1310 755 1386 facta,
800 1306 969 1370 idem
1018 1306 1151 1388 ipse
1198 1323 1350 1368 cum
1410 1302 1594 1367 Patre
1643 1302 1919 1365 mitteret

360 1416 681 1499 Spiritum
727 1418 1019 1478 sanctum
1060 1413 1131 1475 in
1174 1416 1480 1476 mentem.
1534 1409 1614 1474 Et
1665 1408 1790 1472 hoc
1826 1413 1922 1472 est

359 1525 534 1608 quod
564 1522 725 1588 dicit
750 1520 1089 1603 Apostolus
1109 1520 1127 1555 ²
1154 1541 1169 1583 :
1202 1519 1357 1590 Cum
1382 1518 1565 1584 venit
1579 1514 1918 1598 plenitudo

362 1634 698 1714 temporis,
730 1631 917 1695 misit
945 1632 1107 1719 Deus
1143 1626 1394 1693 Filium
1416 1642 1637 1703 suum,
1677 1628 1796 1689 etc.
1847 1621 1924 1687 Et

363 1745 548 1824 post:
609 1739 685 1804 Ut
723 1738 1129 1819 adoptionem
1159 1734 1446 1815 fitiorum
1487 1735 1634 1811 Dei,
1676 1736 1795 1795 etc.
1847 1729 1926 1795 Et

366 1853 561 1930 post:
597 1848 914 1921 Quoniam
939 1851 1152 1910 autem
1188 1843 1346 1909 estis
1382 1840 1515 1921 filii
1564 1841 1706 1917 Dei,
1742 1840 1926 1905 misit

371 1955 541 2021 Deus
561 1956 876 2036 spiritum
889 1951 1051 2017 Filii
1064 1951 1174 2016 sui
1190 1952 1266 2015 in
1287 1947 1485 2015 corda
1498 1958 1734 2013 vestra.
1758 1945 1930 2010 Prae-

370 2068 547 2128 terea
569 2081 706 2125 non
732 2061 1023 2142 sequitur
1047 2058 1218 2142 quod
1246 2058 1300 2121 si
1327 2059 1537 2138 major
1562 2055 1726 2120 ratIo
1766 2053 1928 2117 sub-

375 2170 777 2234 auctoritatis
802 2169 991 2232 estin
1018 2165 1261 2248 Spiritu
1287 2167 1504 2227 sancto
1521 2180 1716 2245 quam
1736 2162 1806 2224 in
1827 2159 1929 2224 Fi-

377 2277 484 2357 lio,
514 2276 693 2361 quod
721 2282 1056 2359 propterea
1082 2273 1377 2338 debuerit
1401 2272 1471 2336 in
1501 2290 1759 2335 carnem
1790 2270 1932 2333 mit-

377 2388 462 2466 ti;
518 2386 660 2471 imo
709 2388 916 2466 potest
957 2381 1179 2445 inferri
1219 2380 1617 2444 contrarium
1677 2401 1692 2443 ε
1749 2376 1932 2441 Pater

379 2492 584 2571 enim,
612 2491 771 2574 quia
800 2509 839 2554 a
869 2488 1051 2554 nullo
1080 2492 1195 2567 est,
1225 2506 1359 2551 non
1385 2485 1606 2551 debuit
1636 2485 1824 2548 mitti.
1857 2483 1934 2547 Et

382 2602 504 2665 hoc
534 2605 632 2664 est
659 2599 833 2681 quod
856 2598 945 2662 ait
967 2597 1396 2678 Augustinus,
1426 2593 1504 2660 de
1533 2591 1883 2659 Trinitate’
1910 2614 1936 2657 .·

393 2731 424 2769 α
451 2707 859 2774 Conveniens
888 2724 1025 2770 non
1051 2708 1188 2768 erat
1208 2706 1283 2767 ut
1304 2701 1489 2768 Pater
1516 2703 1596 2765 ab
1624 2701 1748 2765 alio
1782 2699 1937 2764 mit-

387 2818 656 2889 teretur,
687 2814 842 2897 quia
875 2814 957 2877 ab
993 2814 1120 2877 alio
1164 2830 1298 2877 non
1340 2815 1496 2875 erut.
1543 2807 1941 2873 Conveniens

391 2926 614 2985 autem
639 2921 786 2996 fuit,
818 2925 890 2984 ut
918 2920 1127 3003 primo
1154 2917 1354 2984 Filius
1381 2917 1764 2991 mitteretur,
1787 2913 1941 2995 quia

393 3047 434 3092 a
465 3028 606 3092 solo
652 3026 841 3091 Patre
881 3032 975 3091 est
993 3049 1010 3104 ;
1064 3025 1291 3090 deinde
1338 3024 1610 3107 Spiritus
1654 3025 1940 3099 sanctuS,

396 3137 554 3218 quia
577 3140 674 3201 oet
700 3156 740 3200 a
767 3133 973 3210 Patre,
1005 3139 1071 3200 et
1097 3134 1278 3200 Filio.
1309 3159 1340 3195 n
1368 3133 1583 3199 Primo
1612 3131 1807 3197 Filius
1830 3149 1946 3197 ve-

397 3246 516 3325 nit,
539 3249 615 3308 ut
640 3245 938 3310 homines
975 3246 1401 3309 liberarentur
1435 3265 1452 3307 ς
1484 3243 1712 3306 deinde
1741 3239 1949 3323 Spiri-

401 3358 507 3417 tus
522 3357 809 3433 sanctus,
838 3359 910 3417 ut
932 3354 1226 3417 homines
1247 3351 1786 3417 beatificarentur.
1866 3389 1871 3394 -

928 3659 1287 3741 QUAESTIO
1329 3659 1432 3726 lv.

445 3840 539 3896 An
567 3853 800 3910 congruo
828 3841 1061 3909 tempore
1085 3835 1262 3891 Filius
1286 3835 1387 3890 Dei
1410 3835 1486 3889 sit
1520 3833 1841 3888 incarnatus
1875 3830 1917 3887 ⁸.

203 4017 259 4060 Λᾶ
283 4033 381 4075 om»-
490 4002 633 4078 Quo
660 4003 946 4082 tempore
973 3997 1169 4062 tuerit
1208 3995 1418 4078 magis
1443 4010 1811 4076 congruum
1845 3989 1953 4055 Fi·

411 4108 574 4171 lium
601 4107 715 4172 Dei
746 4106 1107 4184 incarneri3
1138 4107 1203 4168 et
1226 4103 1487 4169 videtur
1520 4101 1691 4183 quod
1724 4100 1793 4162 in
1829 4098 1962 4182 pri-

413 4216 665 4280 mordio
699 4219 1066 4297 temporum
1107 4236 1122 4276 :
1164 4212 1396 4296 primo,
1439 4227 1553 4293 per
1587 4207 1744 4272 illud
1787 4205 1962 4289 quod

414 4322 652 4387 dicitur
671 4323 695 4358 ⁴
719 4340 739 4386 ε
764 4321 1243 4388 Consummavit
1269 4321 1433 4386 Deus
1455 4322 1637 4384 seoeto
1663 4315 1772 4382 die
1802 4330 1962 4396 opus

393 4446 609 4496 suum
641 4452 665 4492 .-
693 4430 807 4495 sed
845 4429 1317 4494 'consummatio
1373 4444 1641 4510 operum
1683 4423 1964 4489 maxime

415 4537 722 4620 competit
743 4537 814 4601 in
839 4555 1032 4619 opere
1060 4536 1537 4614 incarnationiS,
1578 4533 1746 4598 sicut
1772 4549 1961 4613 supe-

417 4645 557 4707 rius
585 4644 610 4680 ⁸
635 4648 880 4707 tectum
907 4647 1005 4707 est
1032 4662 1048 4707 ε
1085 4661 1243 4724 ergo
1267 4643 1524 4708 videtur
1547 4639 1723 4725 quod
1754 4639 1964 4702 incer-

418 4751 870 4816 naridebuerit
894 4751 961 4813 in
996 4750 1211 4832 aliquo
1243 4750 1509 4815 illorum
1544 4766 1659 4812 sex
1687 4746 1962 4810 dierum.

499 4863 562 4923 2.
597 4857 758 4922 ltem
787 4857 1167 4939 magnitudo
1190 4857 1427 4921 amoris
1454 4874 1583 4920 non
1603 4856 1857 4918 tantum
1882 4852 1971 4916 fa-

423 4966 508 5030 cit·
544 4967 715 5031 dona
758 4964 1188 5047 multiplicari,
1229 4964 1337 5028 sed
1365 4961 1701 5026 accelerari
1745 4981 1760 5023 :
1807 4959 1916 5024 sed
1946 4959 1969 4993 ⁸

427 5075 590 5139 Deus
617 5083 884 5156 propter
919 5073 1198 5137 nimium
1232 5070 1610 5137 charitatem
1636 5083 1815 5133 suam
1844 5067 1972 5131 mi-

492 5210 510 5246 ¹
536 5208 732 5274 Galat„
761 5216 834 5269 w,
862 5210 886 5257 4
905 5242 922 5266 ,
950 5209 1006 5269 5,
1029 5210 1080 5258 6.
1100 5205 1374 5270 —2Aug.,
1400 5203 1466 5254 de
1505 5201 1714 5258 Trina..
1758 5199 1852 5249 lib.
1892 5200 1970 5265 11,

397 5296 475 5331 .c.
501 5293 553 5346 v,
578 5295 634 5333 n.
662 5284 719 5344 83
753 5279 844 5330 lib.
876 5279 963 5341 IV,
983 5292 1031 5328 c.
1057 5289 1131 5330 xx
1150 5316 1165 5343 ,
1193 5278 1412 5342 passim„
1431 5302 1494 5314 -—-
1517 5275 1548 5334 ,⁸
1568 5275 1650 5337 Cf.
1681 5275 1738 5325 S.
1766 5271 1973 5336 Thom„

430 5368 479 5417 p.
503 5354 588 5418 lli,
609 5367 661 5418 q.
685 5364 730 5415 1,
753 5355 848 5401 art.
877 5352 905 5400 5
927 5355 980 5401 et
1005 5352 1068 5414 63
1089 5355 1141 5400 et
1167 5351 1233 5401 Ill
1256 5350 1416 5413 Sena,
1440 5347 1557 5399 dist.
1588 5358 1631 5411 1,
1654 5358 1707 5409 q.
1732 5356 1771 5409 1,
1792 5347 1888 5394 ert.
1915 5345 1971 5406 43

435 5430 596 5494 AEgid.
619 5430 795 5488 Rom„
818 5428 881 5477 111
911 5428 1069 5482 sent..
1102 5427 1221 5480 diet,
1251 5437 1308 5477 n.
1339 5439 1392 5490 p.
1428 5426 1466 5474 n
1487 5460 1502 5484 ‚
1533 5437 1584 5488 q.
1617 5419 1974 5484 v;·Richard.,

499 5531 559 5595 (a)
583 5530 708 5580 Coet.
739 5526 869 5577 edit.
874 5564 893 5590 ,
921 5526 1028 5591 qui.

2011 869 2113 932 ¹rit
2149 866 2386 932 Filium
2419 867 2526 931 Dei
2564 865 2883 930 incarnari
2913 865 3156 945 statim,
3189 883 3340 928 cum
3373 863 3568 928 homo

2026 975 2309 1056 indiguit
2339 974 2488 1039 :sed
2506 974 2700 1038 homo
2717 973 2931 1036 statim
2955 972 3240 1053 indiguit
3264 990 3415 1037 cum
3437 971 3572 1054 lap-

2027 1099 2138 1145 sus
2162 1082 2284 1145 fuit
2314 1101 2330 1145 :
2361 1099 2542 1163 erg0,
2569 1086 2689 1145 etc.

2108 1191 2169 1253 3.
2191 1189 2382 1263 Item,
2408 1190 2461 1251 si
2490 1188 2775 1252 Christus
2800 1187 2882 1250 ab
2911 1187 3094 1251 initio
3119 1187 3424 1270 temporis
3452 1206 3571 1251 ve-

2029 1296 2246 1374 nisset,
2274 1296 2459 1361 multi
2489 1296 2568 1360 ad
2595 1296 2770 1360 viam
2792 1294 3076 1359 veritatis
3101 1294 3449 1373 venissent,
3481 1295 3573 1357 si-

2031 1406 2141 1467 cut
2165 1403 2431 1467 dicitur⁷
2455 1423 2470 1467 :
2495 1403 2663 1469 Olim
2689 1403 2754 1467 si
2781 1404 2856 1467 in
2888 1401 3054 1484 Tyro
3077 1406 3135 1467 et
3156 1399 3422 1480 Sidone,
3445 1406 3567 1466 etc.

2034 1512 2156 1576 Sed
2216 1510 2296 1575 ad
2366 1510 2603 1575 divinae
2665 1509 2995 1591 dignitatis
3063 1488 3572 1589 magnitudinem

2033 1623 2275 1700 spectat
2302 1618 2475 1700 quod
2508 1617 2659 1680 velit
2682 1634 2907 1680 omnes
2950 1615 3160 1680 salvos
3192 1615 3334 1679 fleri
3366 1637 3381 1680 ε
3412 1633 3573 1697 ergo

2035 1721 2241 1784 multo
2267 1721 2478 1802 magis
2506 1720 2758 1783 videtur
2783 1718 2956 1801 quod
2979 1735 3345 1799 congruum
3381 1717 3575 1781 fuerit

2036 1826 2271 1892 Filium
2310 1826 2419 1891 Dei
2456 1826 2773 1890 incarnari
2810 1826 2880 1889 in
2931 1823 3278 1907 primordio
3321 1829 3576 1907 tempo-

2037 1953 2209 2000 rum.

2118 2046 2180 2105 4.
2215 2041 2370 2105 Item
2406 2058 2587 2122 aegro
2613 2041 2684 2104 in
2712 2038 2993 2122 periculo
3038 2038 3262 2101 mortis
3290 2036 3578 2102 succurri

2038 2149 2226 2213 debet
2250 2149 2388 2212 sine
2433 2166 2616 2211 mora
2659 2167 2675 2211 z
2723 2145 2833 2209 sed
2859 2144 3054 2208 homo
3081 2162 3235 2207 cum
3274 2143 3578 2226 peccavit,

2041 2256 2568 2341 periculosissime
2610 2254 2952 2335 aegrotavit
2994 2271 3012 2316 ε
3059 2253 3116 2315 si
3147 2270 3306 2333 ergo
3331 2250 3583 2315 homini

2042 2366 2381 2447 aegrotanti
2414 2362 2810 2426 succurritur
2851 2377 2964 2442 per
3005 2357 3148 2423 Filii
3189 2358 3583 2421 incarnatio—

2043 2491 2195 2539 nem
2211 2520 2228 2551 ,
2263 2472 2520 2537 videtur
2559 2469 2730 2552 quod
2769 2467 2982 2557 statim
3031 2465 3319 2529 debuerit
3368 2466 3584 2528 incar-

2045 2583 2209 2647 nari.

2128 2689 2251 2756 Sed
2297 2692 2516 2753 contra
2562 2703 2676 2768 per
2722 2683 3179 2749 Ecclesiastem
3207 2681 3229 2715 ⁸
3281 2701 3304 2743 .-
3352 2681 3587 2747 Omnia

3618 2694 3824 2739 Fundam.

2049 2803 2294 2879 tempus
2342 2793 2571 2861 habent
2618 2814 2639 2854 .-
2689 2797 2753 2856 et
2802 2790 2926 2854 hoc
2974 2789 3190 2871 ipsum
3235 2787 3465 2851 dicitur
3518 2787 3588 2850 in
3644 2848 3651 2853 .

2053 2905 2501 2970 Ecclesiastico
2523 2906 2546 2941 ⁹
2562 2922 2588 2963 .·
2625 2900 2855 2965 omnia
2877 2899 3251 2978 intempore
3275 2911 3389 2961 suo
3414 2909 3587 2960 com-

2047 3010 2484 3093 probabuntur
2515 3031 2530 3072 :
2575 3025 2755 3090 ergo,
2810 3006 2866 3069 si
2905 3004 3163 3069 nullum
3202 3008 3455 3085 tempus
3498 3006 3592 3065 est

2053 3121 2212 3186 adeo
2242 3135 2610 3201 congruum
2632 3114 2941 3182 beneflcio
2974 3112 3371 3196 plenissimo,
3430 3110 3594 3175 sicut

2055 3232 2310 3311 tempus
2365 3224 2810 3310 plenitudinIS,
2860 3222 3114 3286 videtur
3171 3219 3344 3301 quod
3392 3215 3595 3281 Filius

2059 3338 2169 3401 Dei
2210 3335 2504 3402 debuerit
2553 3340 2706 3398 tunc
2747 3329 3087 3409 incarnari,
3131 3327 3392 3410 quando
3417 3324 3594 3392 venit

2058 3444 2385 3529 plenitudo
2416 3440 2718 3523 temporis
2754 3461 2769 3502 :
2800 3455 2958 3519 ergo
2984 3435 3213 3501 nonin
3245 3433 3593 3516 primordio

2059 3551 2384 3635 temporis.

2145 3661 2304 3725 Item
2336 3658 2500 3724 Deus
2522 3656 2595 3722 in
2618 3652 2921 3718 omnibus
2945 3649 3247 3732 operibus
3272 3648 3406 3713 suis
3448 3665 3595 3712 ma-

2063 3768 2240 3832 xime
2264 3767 2476 3830 servat
2500 3761 2832 3837 ordinem;
2883 3761 2947 3822 et
2984 3757 3150 3821 sicut
3193 3761 3289 3821 est
3331 3754 3488 3820 ordo
3535 3759 3599 3819 et

2064 3875 2305 3958 gradus
2342 3872 2411 3936 in
2452 3870 2757 3953 provectu
2797 3864 3038 3943 aetetis,
3084 3863 3175 3927 sic
3214 3868 3310 3927 est
3352 3862 3507 3928 ordo
3537 3865 3601 3926 et

2067 3981 2307 4064 gradus
2331 3979 2402 4041 in
2430 3979 2735 4059 provectu
2767 3971 2993 4037 mundi
3025 3992 3040 4036 ε
3081 3988 3239 4052 ergo
3264 3970 3429 4034 sicut
3457 3987 3600 4034 ma-

2068 4089 2171 4170 gis
2196 4088 2393 4151 homo
2417 4081 2759 4166 dispositus
2781 4078 2981 4145 estad
3006 4077 3382 4160 sapientiam
3408 4076 3478 4140 in
3505 4092 3603 4140 ae·

2067 4203 2196 4263 tate
2217 4197 2536 4279 provecta,
2557 4208 2755 4284 quem
2778 4189 2846 4253 in
2862 4190 3045 4252 aetete
3059 4184 3357 4268 juvenili,
3388 4184 3539 4266 quia
3553 4185 3601 4224 ¹⁹

2069 4309 2146 4373 in
2162 4304 2453 4386 antiquis
2467 4308 2561 4367 est
2585 4298 2906 4380 sapientia
2934 4302 2993 4362 et
3021 4296 3096 4360 in
3124 4292 3604 4373 muttotempore

2070 4412 2442 4498 prudentia,
2470 4409 2725 4474 videtur
2751 4405 2921 4488 quod
2951 4404 3156 4484 major
3181 4401 3263 4464 sit
3298 4399 3605 4481 congrui-

2071 4530 2190 4598 tas,
2233 4519 2405 4604 quod
2448 4517 2667 4582 divina
2705 4512 3013 4596 sapientia
3053 4511 3514 4583 incarnaretur,
3542 4511 3607 4570 et

2073 4631 2152 4694 dc
2175 4627 2351 4693 coelis
2375 4626 2732 4690 mitteretur
2762 4619 3055 4684 missione
3082 4615 3354 4698 perfecta
3378 4614 3446 4678 in
3469 4612 3606 4695 ple-

2076 4736 2366 4802 nitudiue
2396 4738 2761 4814 temporum
2779 4777 2794 4802 ,
2836 4743 3032 4809 quam
3075 4724 3142 4787 in
3171 4720 3506 4806 principio.

2055 4821 2058 4824 A
2157 4843 2315 4908 Item
2354 4859 2517 4924 opus
2566 4832 3018 4924 incarnationis
3055 4834 3119 4895 et
3155 4827 3609 4911 redemptionis

2078 4950 2288 5033 magis
2328 4968 2395 5013 se
2439 4949 2610 5011 tenet
2648 4961 2796 5007 cum
2849 4956 3040 5021 opere
3093 4934 3569 5019 glorificationis
3587 4984 3606 5016 ,

2079 5077 2277 5150 quem
2311 5074 2461 5122 cum
2502 5069 2692 5135 opere
2730 5048 2955 5132 primae
3000 5042 3378 5110 condItionis
3433 5065 3449 5107 ε
3501 5041 3611 5106 sed

2081 5159 2743 5252 opusglorisscetionis
2785 5155 2979 5221 habet
3021 5172 3158 5219 esse
3184 5154 3255 5217 in
3283 5152 3415 5216 fine
3443 5154 3610 5216 tem-

2082 5295 2148 5346 111
2178 5290 2465 5356 sent.,dist.
2490 5299 2510 5338 1
2528 5324 2543 5350 ,
2568 5288 2665 5336 ert.
2683 5286 2742 5346 2,
2768 5295 2820 5347 q.
2843 5291 2907 5344 v;
2928 5279 3106 5343 Stepb.
3124 5275 3335 5342 Brulet„
3361 5276 3429 5328 Ill
3450 5275 3609 5340 sent„

2081 5368 2200 5418 dist.
2228 5378 2267 5429 1,
2289 5378 2342 5429 q.
2369 5373 2480 5413 vm,
2500 5383 2564 5396 —
2582 5356 2605 5392 ⁸
2627 5356 2772 5417 Gen..
2799 5365 2862 5417 11,
2882 5356 2932 5403 2.
2952 5378 3007 5390 -—
3033 5353 3054 5388 ⁸
3082 5351 3194 5402 Hoc
3216 5349 3329 5414 ipso
3347 5351 3466 5410 art„
3490 5361 3543 5412 q.
3570 5358 3609 5398 1.

2084 5467 2140 5478 -
2157 5440 2180 5474 ⁸
2203 5429 2401 5502 Ephes„
2432 5444 2488 5494 ιι,
2510 5434 2570 5495 43
2593 5431 2749 5491 Rom„
2781 5438 2896 5491 vm,
2918 5427 2965 5477 ³.
2991 5424 3091 5462 --'¹
3112 5420 3320 5480 matth„
3345 5431 3421 5479 ¹1,
3444 5423 3523 5470 21.
3549 5442 3612 5454 -

2082 5513 2106 5549 ⁸
2124 5508 2283 5574 Eocl„
2310 5518 2388 5571 111,
2422 5510 2465 5557 1.
2484 5528 2539 5542 -
2558 5503 2581 5538 ⁹
2602 5501 2786 5564 Eucti„
2808 5509 2933 5550 xxxx
2949 5500 3051 5561 ,40.
3074 5521 3138 5534 —
3167 5495 3211 5530 ¹⁹
3231 5491 3507 5554 lebwar,
3533 5492 3608 5539 12.
