4185 6288
1680 425 2053 499 nls'rtNffr.
2099 427 2314 498 xvm.
3464 434 3581 497 383

398 592 779 663 nomenque
802 592 1002 639 suum
1043 570 1243 639 etiam
1288 570 1479 638 aliter
1518 569 1895 637 hominibus
1944 547 2359 637 manifestare
2396 567 2609 659 potuit
2643 593 2660 654 ;
2709 568 2818 636 sed
2857 566 3055 637 homo
3094 566 3416 658 passibilis
3441 590 3581 635 esse

410 709 543 757 non
592 686 805 779 potuit
855 687 1023 755 sicut
1074 686 1237 771 fuit,
1293 696 1358 755 et
1410 684 1493 754 ad
1547 685 1730 754 illam
1777 684 2059 775 gloriam
2114 683 2256 751 sine
2310 684 2542 752 merito
2609 683 2974 774 pervenire.
3031 682 3258 753 Potuit
3310 684 3579 775 quidem

409 803 746 895 pervenire
772 802 853 871 ad
883 803 1066 871 illam
1101 802 1243 870 sine
1290 801 1523 871 merito
1571 801 1911 893 passionis,
1948 801 2108 891 quia
2147 800 2384 891 potuit,
2435 807 2822 891 consumpta
2868 798 3285 884 mortalitate,
3310 799 3582 869 immor-

408 920 670 988 talitatis
696 918 905 1009 gloria
934 918 1154 986 vestiri
1190 944 1207 1005 ;
1264 918 1375 986 sed
1406 940 1538 985 non
1568 917 1708 986 sine
1731 916 1964 985 merito
1979 915 2277 1007 justitiae,
2308 925 2371 985 et
2395 914 2753 1002 charitatis,
2784 915 3196 1007 aliarumque
3223 915 3575 985 virtutum.

302 1014 306 1017 Α
406 1034 552 1103 Non
582 1034 757 1104 enim
787 1034 1086 1104 Christus
1110 1033 1309 1103 homo
1338 1056 1472 1101 esse
1502 1032 1742 1125 potuit,
1790 1031 1861 1099 in
1906 1054 2038 1123 quo
2084 1031 2426 1122 plenitudo
2472 1031 2795 1100 virtutum
2841 1041 2905 1099 et
2940 1031 3166 1121 gratim
3193 1054 3328 1102 non
3352 1031 3573 1099 fuerit.

405 1150 535 1219 Nec
578 1152 850 1221 virtutes
898 1151 961 1220 ei
1001 1152 1209 1219 inesse
1255 1157 1615 1242 potuerunt
1654 1148 1867 1218 cilicio
1915 1147 2327 1216 mortalitatis
2366 1147 2622 1234 induto,
2673 1148 2838 1241 quin
2890 1171 3006 1239 per
3051 1170 3160 1217 eas
3191 1156 3574 1218 mereretur.

405 1267 668 1336 Habens
694 1290 851 1357 ergo
879 1266 998 1337 has
1021 1267 1301 1337 virtutes
1338 1266 1700 1334 secundum
1743 1264 2077 1333 hominem
2122 1262 2494 1355 passibilem
2533 1286 2608 1332 ac
2642 1264 3014 1351 mortalem,
3045 1286 3179 1333 non
3207 1265 3421 1357 potuit
3444 1287 3578 1333 non

408 1383 644 1452 mereri
671 1383 951 1473 gloriam
994 1381 1523 1452 immortalitatis.
1568 1381 1717 1450 Non
1764 1403 1919 1470 ergo
1964 1380 2176 1472 potuit
2228 1379 2435 1448 factus
2489 1379 2784 1449 mortalis
2831 1379 2972 1448 sine
3017 1381 3251 1449 merito
3298 1380 3574 1470 gloriam
3629 1363 3642 1377 ⁸

405 1498 968 1591 impassibilitatis,
1014 1506 1080 1567 et
1117 1496 1653 1581 immortalitatis,
1699 1519 1775 1564 ac
1831 1495 2416 1565 manifestationem
2468 1494 2585 1564 Dei
2622 1495 2911 1564 nominis
2959 1495 3290 1588 consequi.
3343 1496 3570 1566 Potuit

404 1623 621 1685 tamen
650 1615 772 1685 hoc
795 1615 1054 1708 assequi
1070 1614 1213 1684 sine
1233 1613 1467 1684 merito
1509 1612 1849 1704 passioniS,
1898 1612 2057 1703 quia
2099 1634 2216 1703 per
2255 1611 2618 1705 passionem
2662 1611 2759 1681 nil
2782 1611 2905 1680 sibi
2931 1611 3196 1699 meruit,
3227 1610 3405 1705 quod
3433 1634 3569 1683 non

404 1741 555 1801 ante
578 1754 696 1824 per
720 1732 996 1801 virtutes
1017 1730 1354 1800 meruerit.

495 1846 599 1916 Ad
626 1846 787 1938 quid
807 1869 964 1935 ergo
991 1845 1200 1916 voluit
1227 1845 1363 1938 pati
1389 1853 1455 1914 et
1492 1844 1688 1931 mori,
1735 1845 1789 1913 si
1835 1845 1898 1913 ei
1942 1844 2219 1913 virtutes
2262 1844 2343 1913 ad
2389 1845 2775 1914 merendum
2798 1846 2917 1915 illa
2940 1845 3351 1915 sufficiebant
3376 1851 3409 1916 ‘t
3437 1847 3570 1916 Pro
3595 1839 3666 1945 '22
3681 1851 3806 1885 ⁰⁰⁰⁰⁰

3671 1905 3814 1956 rtis,et

405 1971 492 2050 te,
522 1985 656 2033 non
685 1986 803 2056 pro
836 1986 926 2032 se.
958 1962 1301 2045 Quomodo
1354 1983 1472 2054 pro
1521 1984 1626 2030 me
1650 1966 1682 2029 ‘l
1738 1960 1826 2030 Ut
1866 1960 2071 2052 ipsius
2112 1960 2322 2052 passio
2366 1969 2431 2030 et
2472 1984 2648 2031 mors
2671 1961 2790 2030 tibi
2818 1969 2982 2033 esset
3007 1962 3220 2032 forma
3242 1969 3305 2032 et
3331 1985 3564 2032 causa:
3599 1966 3806 2070 lgfflgissj·

404 2080 616 2149 forma
637 2080 899 2148 virtutis
927 2087 992 2147 et
1025 2071 1441 2166 humilitatis,
1484 2100 1680 2145 causa
1726 2076 1950 2167 gloriae
1993 2084 2057 2145 et
2100 2076 2419 2146 libertatis
2450 2103 2468 2160 ;
2531 2078 2741 2146 forma
2786 2078 2920 2147 Deo
2948 2102 3157 2171 usque
3183 2077 3266 2147 ad
3293 2085 3570 2147 mortem

405 2195 773 2283 obediendi,
809 2203 874 2265 et
911 2219 1105 2265 causa
1140 2202 1268 2263 tuae
1311 2193 1717 2263 liberationis
1758 2215 1832 2260 ac
1867 2192 2314 2262 beatitudinis.
2358 2192 2602 2262 Meruit
2642 2193 2819 2261 enim
2860 2193 3049 2262 nobis
3092 2217 3208 2285 per
3247 2194 3474 2263 mortis
3499 2216 3576 2263 ac

403 2312 721 2404 passionis
747 2312 1186 2397 tolerantiam,
1218 2309 1395 2403 quod
1422 2331 1539 2402 per
1579 2309 2008 2401 praecedentia
2047 2331 2183 2377 non
2226 2317 2578 2395 meruerat,
2620 2309 2860 2377 scilicet
2884 2309 3138 2378 aditum
3166 2309 3474 2403 paradisi,
3508 2319 3574 2381 et

404 2428 916 2520 redemptionem
944 2452 984 2497 a
1010 2434 1294 2519 peccato,
1320 2450 1359 2494 a
1382 2448 1601 2518 poena,
1631 2448 1671 2494 a
1695 2424 1996 2513 diabolo;
2045 2432 2111 2493 et
2136 2446 2252 2517 per
2281 2437 2557 2493 mortem
2591 2424 2734 2517 ejus
2756 2426 2894 2495 haec
2920 2448 3039 2495 nos
3065 2426 3283 2519 adepti
3311 2450 3570 2515 sumus,

404 2545 645 2613 scilicet
671 2543 1209 2636 redemptionem,
1259 2548 1324 2611 et
1370 2541 1663 2610 filiorum
1708 2540 1937 2630 gloriae
1978 2540 2418 2633 adoptionem.
2476 2540 2621 2632 Ipse
2662 2541 2838 2609 enim
2880 2541 3217 2612 moriendo
3250 2543 3456 2613 factus
3481 2551 3579 2614 est

407 2660 617 2730 hostia
642 2669 875 2731 nostrae
903 2658 1329 2729 liberationis,
1364 2657 1493 2727 Sed
1522 2657 1852 2750 quomodo
1878 2680 1996 2749 per
2027 2665 2306 2727 mortem
2330 2679 2449 2725 nos
2471 2679 2514 2726 a
2544 2656 2806 2727 diabolo
2833 2666 2899 2727 et
2930 2682 2969 2728 a
2993 2667 3251 2752 peccato
3270 2659 3572 2749 redemit,

407 2785 471 2847 et
494 2778 747 2848 aditum
771 2776 1000 2867 gloriae
1034 2774 1292 2869 aperuit
1315 2779 1346 2842 ‘I
1408 2773 1795 2842 Decreverat
1848 2773 2020 2842 Deus
2063 2774 2135 2842 in
2188 2773 2521 2865 mysteriO,
2573 2779 2650 2842 ut
2700 2773 2791 2842 ait
2816 2775 3208 2845 Ambrosius
3239 2783 3283 2862 ¹,
3313 2786 3579 2871 propter

405 2893 691 2985 primum
742 2901 1076 2985 peccatum
1120 2913 1256 2960 non
1301 2889 1651 2958 intromitti
1705 2889 2042 2959 hominem
2085 2889 2156 2957 in
2197 2888 2601 2981 paradisum,
2645 2889 2715 2958 id
2757 2896 2877 2977 est,
2925 2891 3011 2960 ad
3034 2891 3154 2960 Dei
3181 2895 3580 2987 contempla-

408 3008 649 3078 tionem
676 3031 811 3078 non
837 3007 1118 3094 admitti,
1146 3006 1276 3075 nisi
1312 3006 1385 3074 in
1433 3026 1569 3073 uno
1617 3004 1884 3073 homine
1937 3010 2122 3073 tanta
2164 3005 2468 3074 existeret
2516 3005 2879 3092 humilitas,
2931 3029 3078 3099 quae
3109 3009 3418 3080 omnibus
3442 3012 3578 3082 suis

412 3125 723 3217 proficere
746 3130 984 3218 posset,
1014 3123 1182 3193 sicut
1214 3122 1287 3191 in
1323 3120 1536 3213 primo
1573 3119 1839 3190 homine
1880 3127 2060 3190 tanta
2101 3120 2229 3190 fuit
2262 3120 2590 3213 superbia,
2632 3143 2783 3214 quae
2822 3123 3128 3194 omnibus
3161 3125 3297 3195 suis
3325 3127 3570 3198 nocuit.

409 3240 553 3310 Non
567 3249 662 3310 est
676 3248 896 3310 autem
912 3241 1223 3309 inventus
1247 3240 1419 3307 inter
1429 3237 1730 3306 homines
1753 3236 1996 3329 aliquis
2013 3259 2052 3304 a
2071 3237 2155 3327 (a)
2177 3258 2311 3329 quo
2337 3236 2403 3305 id
2433 3245 2644 3328 posset
2670 3238 2955 3330 impleri,
2975 3239 3102 3308 nisi
3117 3246 3140 3282 ⁸
3159 3245 3292 3311 Leo
3307 3242 3388 3312 de
3403 3244 3578 3313 tribu

408 3358 605 3445 Iuda,
642 3359 757 3451 qui
780 3356 1041 3450 aperuit
1071 3356 1338 3438 librum,
1386 3366 1450 3423 et
1493 3353 1689 3423 solvit
1730 3353 2077 3446 siqnacula
2120 3354 2287 3444 eju-5,
2351 3353 2686 3445 implendo
2727 3355 2800 3424 in
2834 3378 2902 3424 se
2929 3379 3195 3426 omnem
3216 3360 3564 3451 justitiam,

410 3474 476 3544 id
520 3482 636 3562 est,
681 3472 1383 3543 consummatissimam
1435 3469 1900 3557 humilitatem,
1944 3492 2077 3563 qua
2118 3470 2330 3563 major
2380 3494 2516 3540 esse
2559 3493 2695 3540 non
2737 3481 2964 3566 potest.
3012 3473 3181 3543 Nam
3209 3499 3436 3545 omnes
3460 3477 3573 3547 alii

410 3590 702 3660 homines
727 3589 1051 3658 debitores
1088 3595 1297 3677 erant,
1331 3595 1395 3656 et
1435 3587 1551 3655 vix
1592 3585 1950 3678 unicuique
1991 3609 2113 3655 sua
2163 3587 2376 3655 virtus
2419 3586 2785 3657 sufficiebat
2828 3598 2890 3658 et
2942 3590 3302 3661 humilitas.
3335 3592 3578 3662 Nullus

409 3730 560 3798 ergo
586 3729 815 3777 eorum
843 3705 1121 3776 hostiam
1162 3712 1419 3797 poterat
1471 3703 1703 3772 offerre
1754 3702 2190 3773 sufficientem
2246 3703 2756 3774 reconciliationi
2805 3712 3066 3776 nostrae.
3115 3706 3243 3777 Sed
3278 3708 3576 3779 Christus

410 3821 603 3892 homo
628 3822 963 3892 sufficiens
988 3829 1053 3891 et
1078 3822 1359 3913 perfecta
1382 3820 1513 3889 fuit
1538 3819 1772 3905 hostia,
1801 3819 1920 3912 qui
1951 3820 2161 3888 multo
2191 3819 2477 3912 amplius
2502 3828 2598 3890 est
2623 3822 3032 3911 humiliatus,
3069 3824 3572 3894 amaritudinem

408 3939 632 4007 mortis
668 3939 1018 4028 gustaudO,
1062 3960 1264 4029 quam
1309 3936 1424 4005 ille
1462 3936 1677 4004 Adam
1722 3935 2044 4028 superbiit
2096 3959 2212 4028 per
2256 3959 2441 4006 esum
2485 3938 2654 4029 ligni
2697 3940 2885 4010 vetiti
2925 3941 3125 4010 noxia
3152 3941 3574 4011 delectatione

408 4055 823 4145 perfruendo.
857 4054 929 4122 Si
956 4075 1113 4143 ergo
1157 4053 1342 4122 illius
1380 4052 1688 4144 superbia
1728 4051 2025 4121 omnium
2080 4053 2296 4124 extitit
2332 4055 2551 4143 ruina,
2602 4055 2821 4148 ipsum
2861 4057 2943 4126 de
2983 4057 3285 4150 paradiso
3313 4059 3576 4128 mittens

410 4169 605 4258 foras,
637 4170 920 4262 aliisque
947 4169 1294 4239 occludens
1313 4189 1588 4260 januam
1615 4193 1634 4254 3
1668 4167 1878 4236 multo
1906 4168 2116 4259 magis
2136 4168 2379 4239 Christi
2404 4169 2766 4260 humilitas,
2798 4196 2931 4265 qua
2956 4182 3231 4243 mortem
3261 4176 3573 4264 gustavit,

410 4284 773 4377 ingressum
823 4285 1013 4376 regni
1062 4283 1337 4354 coelestis
1385 4283 1695 4353 omnibus
1748 4283 1909 4370 suis,
1966 4285 2239 4377 impleto
2290 4286 2411 4355 Dei
2457 4287 2736 4375 decreto,
2785 4290 3039 4381 aperire
3091 4290 3326 4377 valuit,
3378 4300 3575 4383 atquc

408 4400 643 4472 decreti
694 4401 909 4472 delere
958 4399 1494 4492 chirographum.
1551 4399 1640 4468 Ut
1683 4399 1861 4470 enim
1912 4401 2008 4470 ait
2069 4403 2462 4473 Ambrosius
2497 4411 2519 4446 ⁸
2553 4429 2568 4473 :
2630 4430 2666 4471 α
2721 4405 3011 4475 Tantum
3062 4406 3192 4475 fuit
3242 4416 3572 4498 peccatum

407 4525 725 4605 nostrum,
756 4525 833 4587 ut
867 4518 1108 4587 salvari
1169 4539 1305 4586 non
1358 4537 1717 4608 possemus,
1776 4515 1905 4584 nisi
1958 4517 2342 4608 unigenitus
2395 4519 2514 4589 Dei
2564 4521 2776 4590 Filius
2825 4544 2944 4614 pro
2998 4521 3187 4590 nobis
3215 4529 3576 4592 moreretur

406 4632 805 4704 debitoribus
832 4635 1097 4722 mortis3
1151 4631 1263 4703 sed
1285 4631 1376 4701 sic
1400 4631 1635 4721 dignos
1658 4653 1780 4699 nos
1823 4631 1975 4701 fecit
2007 4636 2375 4703 testamenti
2415 4643 2480 4704 et
2507 4636 2841 4727 promissae
2868 4636 3282 4707 haereditatis.
3316 4664 3352 4705 »
3385 4637 3577 4720 Quod

405 4750 654 4819 nonita
678 4758 776 4818 est
800 4748 1327 4839 intelligendum,
1357 4746 1547 4840 quasi
1572 4768 1706 4817 non
1734 4747 1865 4816 alio
1906 4748 2102 4819 modo
2141 4750 2395 4821 salvare
2436 4772 2557 4820 nos
2583 4750 2890 4843 potuerit,
2926 4775 3127 4844 quam
3154 4775 3270 4846 per
3296 4764 3573 4826 mortem

405 4885 626 4953 suam;
656 4865 767 4934 sed
796 4866 955 4958 quia
978 4888 1095 4957 per
1133 4864 1331 4933 aliam
1358 4863 1637 4932 hostiam
1682 4885 1815 4960 non
1856 4865 2071 4957 potuit
2109 4864 2299 4935 nobis
2335 4866 2577 4958 aperiri
2621 4866 2810 4958 regni
2833 4867 3074 4955 aditus,
3105 4878 3169 4938 et
3195 4869 3342 4939 fieri
3371 4871 3571 4960 salus,

407 4979 533 5050 nisi
557 5004 675 5075 per
700 4988 974 5051 mortem
1005 4980 1358 5071 unigeniti,
1403 4979 1597 5071 cujus
1660 4987 1843 5050 tanta
1888 4980 2038 5064 fuit,
2097 4989 2173 5050 ut
2223 4981 2472 5051 dictum
2512 4991 2632 5071 est,
2678 4982 3021 5054 humilitas
3044 4993 3109 5056 et
3132 4986 3471 5079 patientia,
3502 4995 3579 5057 ut

407 5097 546 5190 ejus
572 5098 807 5168 merito
830 5106 1080 5190 pateret
1114 5095 1532 5166 credentibus
1574 5095 1647 5164 in
1692 5119 1847 5165 eum
1889 5096 2108 5167 aditus
2166 5098 2376 5187 regui.
2433 5097 2676 5189 Magna
2725 5122 2881 5191 ergo
2920 5100 2992 5170 in
3016 5111 3223 5178 morte
3250 5104 3580 5195 unigeniti

386 5215 693 5319 ‘praestita
718 5222 877 5285 suut
923 5213 1142 5300 nobis,
1194 5220 1273 5283 ut
1317 5212 1509 5282 liceat
1559 5213 1751 5282 nobis
1799 5212 2015 5283 redire
2056 5213 2131 5283 in
2180 5213 2485 5305 patriam,
2542 5215 2708 5286 sicut
2751 5216 2912 5287 olim
2956 5217 3030 5287 in
3084 5230 3298 5290 morte
3332 5223 3581 5291 summi

474 5362 488 5395 ¹
517 5362 706 5412 Auctor
733 5363 1007 5409 comment.
1033 5357 1127 5407 snb
1148 5356 1361 5408 nomine
1389 5356 1641 5409 Ambrosii
1668 5357 1721 5408 in
1741 5358 1903 5423 Epist.
1927 5358 1999 5409 ml
2025 5360 2179 5423 Rom„
2208 5373 2256 5423 v,
2289 5362 2441 5411 u.—
2466 5363 2488 5398 ⁸
2510 5364 2675 5428 Apoc„
2706 5375 2754 5426 v,
2778 5367 2823 5413 5.
2845 5389 2905 5402 -
2921 5363 2941 5399 ⁸
2968 5365 3022 5414 ln
3046 5367 3210 5419 (ηομ.
3241 5367 3375 5428 ord„
3402 5372 3581 5419 auctor

410 5435 688 5483 comment.
716 5431 768 5479 in
794 5429 952 5493 Epist.
973 5429 1044 5479 ad
1067 5427 1242 5489 Helm,
1266 5439 1338 5491 tx,
1363 5432 1442 5480 15.
1458 5455 1521 5467 —
1545 5428 1615 5494 (a)
1644 5428 1780 5479 deest
1798 5443 1850 5480 a.
