<?xml version="1.0" encoding="UTF-8"?>
<!DOCTYPE html PUBLIC "-//W3C//DTD XHTML 1.0 Transitional//EN"
    "http://www.w3.org/TR/xhtml1/DTD/xhtml1-transitional.dtd">
<html xmlns="http://www.w3.org/1999/xhtml" xml:lang="en" lang="en">
 <head>
  <title>
</title>
<meta http-equiv="Content-Type" content="text/html;charset=utf-8" />
  <meta name='ocr-system' content='tesseract 3.04.00' />
  <meta name='ocr-capabilities' content='ocr_page ocr_carea ocr_par ocr_line ocrx_word'/>
</head>
<body>
  <div class='ocr_page' id='page_1' title='image "./srecardinalissb01cargoog_0177.png"; bbox 0 0 4185 6288; ppageno 0'>
   <div class='ocr_carea' id='block_1_1' title="bbox 1204 511 2525 591">
    <p class='ocr_par' dir='ltr' id='par_1_1' title="bbox 1204 511 2525 591">
     <span class='ocr_line' id='line_1_1' title="bbox 1204 511 2525 591; baseline -0.002 -10"><span class='ocrx_word' id='word_1_1' title='bbox 1204 514 1580 582; x_wconf 75' lang='lat' dir='ltr'><strong>n1STch.</strong></span> <span class='ocrx_word' id='word_1_2' title='bbox 1619 514 1725 582; x_wconf 80' lang='lat' dir='ltr'><strong>vl.</strong></span> <span class='ocrx_word' id='word_1_3' title='bbox 1772 513 1954 581; x_wconf 73' lang='grc' dir='ltr'><strong>ΛΒΤ.</strong></span> <span class='ocrx_word' id='word_1_4' title='bbox 2002 514 2082 578; x_wconf 85' lang='lat' dir='ltr'><strong>ll.</strong></span> <span class='ocrx_word' id='word_1_5' title='bbox 2127 511 2430 591; x_wconf 71' lang='lat' dir='ltr'><strong>QUAEST.</strong></span> <span class='ocrx_word' id='word_1_6' title='bbox 2479 517 2525 582; x_wconf 86' lang='lat' dir='ltr'><strong>l.</strong></span> 
     </span>
    </p>
   </div>
   <div class='ocr_carea' id='block_1_2' title="bbox 270 651 1822 3510">
    <p class='ocr_par' dir='ltr' id='par_1_2' title="bbox 270 651 1822 3510">
     <span class='ocr_line' id='line_1_2' title="bbox 272 651 1807 734; baseline 0.001 -17"><span class='ocrx_word' id='word_1_7' title='bbox 272 651 412 717; x_wconf 74' lang='lat' dir='ltr'><strong>dans</strong></span> <span class='ocrx_word' id='word_1_8' title='bbox 434 653 736 733; x_wconf 82' lang='lat' dir='ltr'><strong>respectu</strong></span> <span class='ocrx_word' id='word_1_9' title='bbox 759 652 1152 719; x_wconf 72' lang='lat' dir='ltr'><strong>subsuntiae.</strong></span> <span class='ocrx_word' id='word_1_10' title='bbox 1180 651 1323 719; x_wconf 86' lang='lat' dir='ltr'><strong>Non</strong></span> <span class='ocrx_word' id='word_1_11' title='bbox 1357 656 1456 719; x_wconf 87' lang='lat' dir='ltr'><strong>est</strong></span> <span class='ocrx_word' id='word_1_12' title='bbox 1487 666 1648 734; x_wconf 75' lang='lat' dir='ltr'><strong>ergo</strong></span> <span class='ocrx_word' id='word_1_13' title='bbox 1679 651 1807 718; x_wconf 90' lang='lat' dir='ltr'><strong>Deo</strong></span> 
     </span>
     <span class='ocr_line' id='line_1_3' title="bbox 270 757 1804 842; baseline 0.001 -20"><span class='ocrx_word' id='word_1_14' title='bbox 270 757 671 842; x_wconf 81' lang='lat' dir='ltr'><strong>impossihile,</strong></span> <span class='ocrx_word' id='word_1_15' title='bbox 701 759 841 824; x_wconf 93' lang='lat' dir='ltr'><strong>imo</strong></span> <span class='ocrx_word' id='word_1_16' title='bbox 866 760 1049 826; x_wconf 81' lang='lat' dir='ltr'><strong>valde</strong></span> <span class='ocrx_word' id='word_1_17' title='bbox 1067 760 1384 838; x_wconf 78' lang='lat' dir='ltr'>credibile,</span> <span class='ocrx_word' id='word_1_18' title='bbox 1408 762 1473 825; x_wconf 92' lang='lat' dir='ltr'><strong>et</strong></span> <span class='ocrx_word' id='word_1_19' title='bbox 1486 759 1804 842; x_wconf 85' lang='lat' dir='ltr'><strong>possibile,</strong></span> 
     </span>
     <span class='ocr_line' id='line_1_4' title="bbox 272 867 1810 949; baseline 0.001 -19"><span class='ocrx_word' id='word_1_20' title='bbox 272 867 392 930; x_wconf 84' lang='lat' dir='ltr'><strong>imo</strong></span> <span class='ocrx_word' id='word_1_21' title='bbox 414 883 647 930; x_wconf 80' lang='lat' dir='ltr'><strong>verum</strong></span> <span class='ocrx_word' id='word_1_22' title='bbox 677 867 855 949; x_wconf 83' lang='lat' dir='ltr'><strong>quod</strong></span> <span class='ocrx_word' id='word_1_23' title='bbox 878 867 991 932; x_wconf 85' lang='lat' dir='ltr'><strong>Dei</strong></span> <span class='ocrx_word' id='word_1_24' title='bbox 1006 867 1202 932; x_wconf 80' lang='lat' dir='ltr'><strong>Filius</strong></span> <span class='ocrx_word' id='word_1_25' title='bbox 1220 868 1365 932; x_wconf 84' lang='lat' dir='ltr'><strong>fecit</strong></span> <span class='ocrx_word' id='word_1_26' title='bbox 1382 885 1450 932; x_wconf 91' lang='lat' dir='ltr'><strong>se</strong></span> <span class='ocrx_word' id='word_1_27' title='bbox 1479 867 1547 932; x_wconf 91' lang='lat' dir='ltr'><strong>in</strong></span> <span class='ocrx_word' id='word_1_28' title='bbox 1578 871 1810 932; x_wconf 87' lang='lat' dir='ltr'><strong>natura</strong></span> 
     </span>
     <span class='ocr_line' id='line_1_5' title="bbox 274 973 1810 1059; baseline 0.001 -22"><span class='ocrx_word' id='word_1_29' title='bbox 274 974 540 1038; x_wconf 85' lang='lat' dir='ltr'><strong>humana</strong></span> <span class='ocrx_word' id='word_1_30' title='bbox 578 973 652 1037; x_wconf 92' lang='lat' dir='ltr'><strong>in</strong></span> <span class='ocrx_word' id='word_1_31' title='bbox 677 973 1116 1040; x_wconf 74' lang='lat' dir='ltr'><strong>incarnatione</strong></span> <span class='ocrx_word' id='word_1_32' title='bbox 1161 992 1500 1058; x_wconf 87' lang='lat' dir='ltr'><strong>personam</strong></span> <span class='ocrx_word' id='word_1_33' title='bbox 1518 1021 1536 1053; x_wconf 90' lang='lat'>‚</span> <span class='ocrx_word' id='word_1_34' title='bbox 1583 978 1648 1039; x_wconf 89' lang='lat' dir='ltr'><strong>et</strong></span> <span class='ocrx_word' id='word_1_35' title='bbox 1689 974 1810 1059; x_wconf 84' lang='lat' dir='ltr'><strong>hy-</strong></span> 
     </span>
     <span class='ocr_line' id='line_1_6' title="bbox 272 1081 1810 1165; baseline -0.001 -20"><span class='ocrx_word' id='word_1_36' title='bbox 272 1081 580 1164; x_wconf 74' lang='lat' dir='ltr'><strong>postasim,</strong></span> <span class='ocrx_word' id='word_1_37' title='bbox 610 1084 681 1146; x_wconf 90' lang='lat' dir='ltr'><strong>et</strong></span> <span class='ocrx_word' id='word_1_38' title='bbox 707 1081 1111 1165; x_wconf 87' lang='lat' dir='ltr'><strong>suppositum</strong></span> <span class='ocrx_word' id='word_1_39' title='bbox 1147 1100 1167 1146; x_wconf 73' lang='grc' dir='ltr'><strong><em>ε</em></strong></span> <span class='ocrx_word' id='word_1_40' title='bbox 1200 1086 1262 1147; x_wconf 90' lang='lat' dir='ltr'><strong>et</strong></span> <span class='ocrx_word' id='word_1_41' title='bbox 1283 1082 1399 1165; x_wconf 90' lang='lat' dir='ltr'><strong>qui</strong></span> <span class='ocrx_word' id='word_1_42' title='bbox 1426 1081 1548 1146; x_wconf 92' lang='lat' dir='ltr'><strong>hoc</strong></span> <span class='ocrx_word' id='word_1_43' title='bbox 1570 1081 1810 1146; x_wconf 80' lang='lat' dir='ltr'><strong>intelli-</strong></span> 
     </span>
     <span class='ocr_line' id='line_1_7' title="bbox 278 1188 1809 1272; baseline 0.001 -20"><span class='ocrx_word' id='word_1_44' title='bbox 278 1191 395 1270; x_wconf 77' lang='lat' dir='ltr'><strong>git,</strong></span> <span class='ocrx_word' id='word_1_45' title='bbox 449 1190 789 1255; x_wconf 83' lang='lat' dir='ltr'><strong>manifeste</strong></span> <span class='ocrx_word' id='word_1_46' title='bbox 845 1189 1020 1255; x_wconf 84' lang='lat' dir='ltr'><strong>videt</strong></span> <span class='ocrx_word' id='word_1_47' title='bbox 1089 1207 1237 1272; x_wconf 79' lang='lat' dir='ltr'><strong>quae</strong></span> <span class='ocrx_word' id='word_1_48' title='bbox 1287 1189 1557 1254; x_wconf 88' lang='lat' dir='ltr'><strong>istarum</strong></span> <span class='ocrx_word' id='word_1_49' title='bbox 1608 1188 1809 1254; x_wconf 87' lang='lat' dir='ltr'><strong>trium</strong></span> 
     </span>
     <span class='ocr_line' id='line_1_8' title="bbox 278 1296 1811 1380; baseline 0.001 -19"><span class='ocrx_word' id='word_1_50' title='bbox 278 1297 641 1380; x_wconf 80' lang='lat' dir='ltr'><strong>opinionum</strong></span> <span class='ocrx_word' id='word_1_51' title='bbox 685 1296 901 1378; x_wconf 61' lang='lat' dir='ltr'><strong>magis</strong></span> <span class='ocrx_word' id='word_1_52' title='bbox 945 1296 1183 1361; x_wconf 87' lang='lat' dir='ltr'><strong>accedit</strong></span> <span class='ocrx_word' id='word_1_53' title='bbox 1233 1296 1314 1361; x_wconf 86' lang='lat' dir='ltr'><strong>ad</strong></span> <span class='ocrx_word' id='word_1_54' title='bbox 1361 1296 1811 1380; x_wconf 80' lang='lat' dir='ltr'><strong>explicandum</strong></span> 
     </span>
     <span class='ocr_line' id='line_1_9' title="bbox 279 1401 1812 1487; baseline -0.001 -19"><span class='ocrx_word' id='word_1_55' title='bbox 279 1404 718 1469; x_wconf 65' lang='lat' dir='ltr'><strong>incarnationis</strong></span> <span class='ocrx_word' id='word_1_56' title='bbox 742 1407 1235 1468; x_wconf 86' lang='lat' dir='ltr'><strong>sacramentum.</strong></span> <span class='ocrx_word' id='word_1_57' title='bbox 1269 1401 1431 1467; x_wconf 87' lang='lat' dir='ltr'><strong>Nam</strong></span> <span class='ocrx_word' id='word_1_58' title='bbox 1466 1404 1654 1467; x_wconf 87' lang='lat' dir='ltr'><strong>tertia</strong></span> <span class='ocrx_word' id='word_1_59' title='bbox 1679 1403 1812 1487; x_wconf 90' lang='lat' dir='ltr'><strong>opi-</strong></span> 
     </span>
     <span class='ocr_line' id='line_1_10' title="bbox 279 1510 1811 1597; baseline 0 -21"><span class='ocrx_word' id='word_1_60' title='bbox 279 1512 398 1592; x_wconf 85' lang='lat' dir='ltr'><strong>nio,</strong></span> <span class='ocrx_word' id='word_1_61' title='bbox 423 1530 571 1597; x_wconf 77' lang='lat' dir='ltr'><strong>quae</strong></span> <span class='ocrx_word' id='word_1_62' title='bbox 593 1513 804 1595; x_wconf 83' lang='lat' dir='ltr'><strong>negat</strong></span> <span class='ocrx_word' id='word_1_63' title='bbox 822 1510 1146 1577; x_wconf 82' lang='lat' dir='ltr'><strong>Christum</strong></span> <span class='ocrx_word' id='word_1_64' title='bbox 1163 1511 1403 1594; x_wconf 78' lang='lat' dir='ltr'><strong>aliquid</strong></span> <span class='ocrx_word' id='word_1_65' title='bbox 1419 1529 1557 1577; x_wconf 88' lang='lat' dir='ltr'><strong>esse</strong></span> <span class='ocrx_word' id='word_1_66' title='bbox 1582 1528 1811 1576; x_wconf 86' lang='lat' dir='ltr'><strong>secun-</strong></span> 
     </span>
     <span class='ocr_line' id='line_1_11' title="bbox 280 1618 1811 1702; baseline -0.001 -18"><span class='ocrx_word' id='word_1_67' title='bbox 280 1619 421 1694; x_wconf 83' lang='lat' dir='ltr'><strong>dum</strong></span> <span class='ocrx_word' id='word_1_68' title='bbox 468 1620 648 1702; x_wconf 86' lang='lat' dir='ltr'><strong>quod</strong></span> <span class='ocrx_word' id='word_1_69' title='bbox 695 1619 896 1684; x_wconf 92' lang='lat' dir='ltr'><strong>homo</strong></span> <span class='ocrx_word' id='word_1_70' title='bbox 912 1666 931 1696; x_wconf 85' lang='lat'>‚</span> <span class='ocrx_word' id='word_1_71' title='bbox 981 1623 1176 1700; x_wconf 81' lang='lat' dir='ltr'><strong>negat</strong></span> <span class='ocrx_word' id='word_1_72' title='bbox 1225 1618 1420 1682; x_wconf 86' lang='lat' dir='ltr'><strong>etiam</strong></span> <span class='ocrx_word' id='word_1_73' title='bbox 1474 1636 1811 1701; x_wconf 88' lang='lat' dir='ltr'><strong>personam</strong></span> 
     </span>
     <span class='ocr_line' id='line_1_12' title="bbox 281 1727 1812 1813; baseline 0 -20"><span class='ocrx_word' id='word_1_74' title='bbox 281 1727 409 1793; x_wconf 86' lang='lat' dir='ltr'><strong>Filii</strong></span> <span class='ocrx_word' id='word_1_75' title='bbox 430 1727 833 1813; x_wconf 70' lang='lat' dir='ltr'><strong>hypostasim</strong></span> <span class='ocrx_word' id='word_1_76' title='bbox 859 1746 997 1794; x_wconf 90' lang='lat' dir='ltr'><strong>esse</strong></span> <span class='ocrx_word' id='word_1_77' title='bbox 1021 1728 1328 1793; x_wconf 65' lang='lat' dir='ltr'><strong>humanae</strong></span> <span class='ocrx_word' id='word_1_78' title='bbox 1352 1732 1625 1809; x_wconf 80' lang='lat' dir='ltr'><strong>naturae,</strong></span> <span class='ocrx_word' id='word_1_79' title='bbox 1659 1728 1812 1793; x_wconf 87' lang='lat' dir='ltr'><strong>sim·</strong></span> 
     </span>
     <span class='ocr_line' id='line_1_13' title="bbox 283 1834 1811 1920; baseline 0.001 -21"><span class='ocrx_word' id='word_1_80' title='bbox 283 1835 507 1920; x_wconf 76' lang='lat' dir='ltr'><strong>pliciter</strong></span> <span class='ocrx_word' id='word_1_81' title='bbox 523 1835 776 1902; x_wconf 80' lang='lat' dir='ltr'><strong>recedit</strong></span> <span class='ocrx_word' id='word_1_82' title='bbox 791 1854 829 1901; x_wconf 87' lang='lat' dir='ltr'><strong>a</strong></span> <span class='ocrx_word' id='word_1_83' title='bbox 845 1835 1133 1901; x_wconf 87' lang='lat' dir='ltr'><strong>veritate.</strong></span> <span class='ocrx_word' id='word_1_84' title='bbox 1163 1834 1381 1901; x_wconf 89' lang='lat' dir='ltr'><strong>Prima</strong></span> <span class='ocrx_word' id='word_1_85' title='bbox 1391 1854 1548 1901; x_wconf 83' lang='lat' dir='ltr'><strong>vero</strong></span> <span class='ocrx_word' id='word_1_86' title='bbox 1571 1836 1811 1919; x_wconf 89' lang='lat' dir='ltr'><strong>opinio,</strong></span> 
     </span>
     <span class='ocr_line' id='line_1_14' title="bbox 284 1942 1819 2027; baseline 0 -19"><span class='ocrx_word' id='word_1_87' title='bbox 284 1961 415 2026; x_wconf 77' lang='lat' dir='ltr'><strong>quae</strong></span> <span class='ocrx_word' id='word_1_88' title='bbox 437 1943 592 2009; x_wconf 87' lang='lat' dir='ltr'><strong>dicit</strong></span> <span class='ocrx_word' id='word_1_89' title='bbox 634 1943 714 2008; x_wconf 91' lang='lat' dir='ltr'><strong>in</strong></span> <span class='ocrx_word' id='word_1_90' title='bbox 750 1942 995 2010; x_wconf 87' lang='lat' dir='ltr'><strong>Christo</strong></span> <span class='ocrx_word' id='word_1_91' title='bbox 1039 1943 1166 2007; x_wconf 88' lang='lat' dir='ltr'><strong>duo</strong></span> <span class='ocrx_word' id='word_1_92' title='bbox 1211 1960 1346 2008; x_wconf 84' lang='lat' dir='ltr'><strong>esse</strong></span> <span class='ocrx_word' id='word_1_93' title='bbox 1389 1944 1739 2027; x_wconf 83' lang='lat' dir='ltr'><strong>supposita,</strong></span> <span class='ocrx_word' id='word_1_94' title='bbox 1778 1960 1819 2008; x_wconf 87' lang='lat' dir='ltr'><strong>a</strong></span> 
     </span>
     <span class='ocr_line' id='line_1_15' title="bbox 282 2050 1818 2134; baseline 0.001 -20"><span class='ocrx_word' id='word_1_95' title='bbox 282 2051 527 2117; x_wconf 80' lang='lat' dir='ltr'><strong>veritate</strong></span> <span class='ocrx_word' id='word_1_96' title='bbox 581 2051 824 2118; x_wconf 80' lang='lat' dir='ltr'><strong>deviat.</strong></span> <span class='ocrx_word' id='word_1_97' title='bbox 871 2050 1080 2117; x_wconf 78' lang='lat' dir='ltr'><strong>Media</strong></span> <span class='ocrx_word' id='word_1_98' title='bbox 1122 2069 1278 2116; x_wconf 86' lang='lat' dir='ltr'><strong>vero</strong></span> <span class='ocrx_word' id='word_1_99' title='bbox 1336 2051 1555 2134; x_wconf 89' lang='lat' dir='ltr'><strong>opinio</strong></span> <span class='ocrx_word' id='word_1_100' title='bbox 1573 2099 1592 2132; x_wconf 86' lang='lat'>,</span> <span class='ocrx_word' id='word_1_101' title='bbox 1668 2067 1818 2134; x_wconf 81' lang='lat' dir='ltr'><strong>quae</strong></span> 
     </span>
     <span class='ocr_line' id='line_1_16' title="bbox 282 2157 1820 2245; baseline 0.003 -24"><span class='ocrx_word' id='word_1_102' title='bbox 282 2157 415 2223; x_wconf 86' lang='lat' dir='ltr'><strong>dicit</strong></span> <span class='ocrx_word' id='word_1_103' title='bbox 438 2178 642 2226; x_wconf 88' lang='lat' dir='ltr'><strong>unam</strong></span> <span class='ocrx_word' id='word_1_104' title='bbox 672 2179 1035 2245; x_wconf 86' lang='lat' dir='ltr'><strong>personam,</strong></span> <span class='ocrx_word' id='word_1_105' title='bbox 1056 2160 1190 2226; x_wconf 84' lang='lat' dir='ltr'><strong>sive</strong></span> <span class='ocrx_word' id='word_1_106' title='bbox 1215 2160 1636 2244; x_wconf 72' lang='lat' dir='ltr'><strong>hypostasim,</strong></span> <span class='ocrx_word' id='word_1_107' title='bbox 1664 2159 1820 2225; x_wconf 85' lang='lat' dir='ltr'><strong>dua-</strong></span> 
     </span>
     <span class='ocr_line' id='line_1_17' title="bbox 284 2262 1815 2350; baseline 0.001 -22"><span class='ocrx_word' id='word_1_108' title='bbox 284 2262 395 2330; x_wconf 88' lang='lat' dir='ltr'><strong>bus</strong></span> <span class='ocrx_word' id='word_1_109' title='bbox 411 2267 664 2330; x_wconf 88' lang='lat' dir='ltr'><strong>naturis</strong></span> <span class='ocrx_word' id='word_1_110' title='bbox 695 2283 831 2332; x_wconf 88' lang='lat' dir='ltr'><strong>esse</strong></span> <span class='ocrx_word' id='word_1_111' title='bbox 849 2267 1262 2350; x_wconf 77' lang='lat' dir='ltr'><strong>suppositam,</strong></span> <span class='ocrx_word' id='word_1_112' title='bbox 1283 2268 1618 2332; x_wconf 83' lang='lat' dir='ltr'><strong>veritatem</strong></span> <span class='ocrx_word' id='word_1_113' title='bbox 1641 2265 1815 2332; x_wconf 89' lang='lat' dir='ltr'><strong>dicit.</strong></span> 
     </span>
     <span class='ocr_line' id='line_1_18' title="bbox 287 2367 1821 2440; baseline 0.001 -5"><span class='ocrx_word' id='word_1_114' title='bbox 287 2367 446 2437; x_wconf 84' lang='lat' dir='ltr'><strong>Unde</strong></span> <span class='ocrx_word' id='word_1_115' title='bbox 496 2392 731 2439; x_wconf 89' lang='lat' dir='ltr'><strong>omnes</strong></span> <span class='ocrx_word' id='word_1_116' title='bbox 775 2375 1061 2440; x_wconf 86' lang='lat' dir='ltr'><strong>doctores</strong></span> <span class='ocrx_word' id='word_1_117' title='bbox 1120 2374 1553 2440; x_wconf 85' lang='lat' dir='ltr'><strong>communiter</strong></span> <span class='ocrx_word' id='word_1_118' title='bbox 1599 2378 1821 2439; x_wconf 87' lang='lat' dir='ltr'><strong>tenent</strong></span> 
     </span>
     <span class='ocr_line' id='line_1_19' title="bbox 285 2477 1820 2567; baseline 0.002 -24"><span class='ocrx_word' id='word_1_119' title='bbox 285 2477 457 2546; x_wconf 85' lang='lat' dir='ltr'><strong>hodie</strong></span> <span class='ocrx_word' id='word_1_120' title='bbox 482 2483 858 2567; x_wconf 85' lang='lat' dir='ltr'><strong>opinionem</strong></span> <span class='ocrx_word' id='word_1_121' title='bbox 886 2481 1185 2560; x_wconf 78' lang='lat' dir='ltr'><strong>mediam,</strong></span> <span class='ocrx_word' id='word_1_122' title='bbox 1218 2487 1291 2547; x_wconf 89' lang='lat' dir='ltr'><strong>ut</strong></span> <span class='ocrx_word' id='word_1_123' title='bbox 1309 2482 1450 2547; x_wconf 89' lang='lat' dir='ltr'><strong>loco</strong></span> <span class='ocrx_word' id='word_1_124' title='bbox 1477 2483 1620 2566; x_wconf 82' lang='lat' dir='ltr'><strong>ejus</strong></span> <span class='ocrx_word' id='word_1_125' title='bbox 1645 2481 1820 2566; x_wconf 91' lang='lat' dir='ltr'><strong>quod</strong></span> 
     </span>
     <span class='ocr_line' id='line_1_20' title="bbox 288 2581 1820 2668; baseline 0.003 -22"><span class='ocrx_word' id='word_1_126' title='bbox 288 2581 513 2649; x_wconf 77' lang='lat' dir='ltr'><strong>dicebat</strong></span> <span class='ocrx_word' id='word_1_127' title='bbox 531 2585 646 2650; x_wconf 88' lang='lat' dir='ltr'><strong>illa</strong></span> <span class='ocrx_word' id='word_1_128' title='bbox 673 2585 890 2668; x_wconf 89' lang='lat' dir='ltr'><strong>opinio</strong></span> <span class='ocrx_word' id='word_1_129' title='bbox 912 2603 1115 2650; x_wconf 90' lang='lat' dir='ltr'><strong>unam</strong></span> <span class='ocrx_word' id='word_1_130' title='bbox 1143 2603 1480 2667; x_wconf 88' lang='lat' dir='ltr'><strong>personam</strong></span> <span class='ocrx_word' id='word_1_131' title='bbox 1525 2604 1609 2650; x_wconf 85' lang='lat' dir='ltr'><strong>ex</strong></span> <span class='ocrx_word' id='word_1_132' title='bbox 1652 2585 1820 2651; x_wconf 90' lang='lat' dir='ltr'><strong>dua-</strong></span> 
     </span>
     <span class='ocr_line' id='line_1_21' title="bbox 290 2687 1819 2776; baseline 0.003 -22"><span class='ocrx_word' id='word_1_133' title='bbox 290 2687 396 2754; x_wconf 83' lang='lat' dir='ltr'><strong>bus</strong></span> <span class='ocrx_word' id='word_1_134' title='bbox 419 2694 668 2757; x_wconf 84' lang='lat' dir='ltr'><strong>naturis</strong></span> <span class='ocrx_word' id='word_1_135' title='bbox 703 2711 842 2758; x_wconf 86' lang='lat' dir='ltr'><strong>esse</strong></span> <span class='ocrx_word' id='word_1_136' title='bbox 865 2693 1313 2776; x_wconf 78' lang='lat' dir='ltr'><strong>compositam,</strong></span> <span class='ocrx_word' id='word_1_137' title='bbox 1354 2711 1528 2758; x_wconf 91' lang='lat' dir='ltr'><strong>nunc</strong></span> <span class='ocrx_word' id='word_1_138' title='bbox 1570 2692 1819 2759; x_wconf 86' lang='lat' dir='ltr'><strong>dicatur</strong></span> 
     </span>
     <span class='ocr_line' id='line_1_22' title="bbox 292 2802 1815 2885; baseline 0.002 -22"><span class='ocrx_word' id='word_1_139' title='bbox 292 2815 405 2863; x_wconf 87' lang='lat' dir='ltr'><strong>una</strong></span> <span class='ocrx_word' id='word_1_140' title='bbox 427 2818 709 2883; x_wconf 87' lang='lat' dir='ltr'><strong>persona</strong></span> <span class='ocrx_word' id='word_1_141' title='bbox 732 2802 984 2867; x_wconf 87' lang='lat' dir='ltr'><strong>duabus</strong></span> <span class='ocrx_word' id='word_1_142' title='bbox 1010 2802 1255 2867; x_wconf 74' lang='lat' dir='ltr'><strong>namris</strong></span> <span class='ocrx_word' id='word_1_143' title='bbox 1289 2820 1424 2866; x_wconf 86' lang='lat' dir='ltr'><strong>esse</strong></span> <span class='ocrx_word' id='word_1_144' title='bbox 1466 2802 1815 2885; x_wconf 75' lang='lat' dir='ltr'><strong>supposita,</strong></span> 
     </span>
     <span class='ocr_line' id='line_1_23' title="bbox 293 2909 1822 2993; baseline 0.004 -25"><span class='ocrx_word' id='word_1_145' title='bbox 293 2922 405 2970; x_wconf 88' lang='lat' dir='ltr'><strong>non</strong></span> <span class='ocrx_word' id='word_1_146' title='bbox 430 2910 744 2975; x_wconf 87' lang='lat' dir='ltr'><strong>mutando</strong></span> <span class='ocrx_word' id='word_1_147' title='bbox 772 2927 1056 2990; x_wconf 88' lang='lat' dir='ltr'><strong>sensum,</strong></span> <span class='ocrx_word' id='word_1_148' title='bbox 1085 2909 1196 2974; x_wconf 88' lang='lat' dir='ltr'><strong>sed</strong></span> <span class='ocrx_word' id='word_1_149' title='bbox 1219 2909 1438 2989; x_wconf 87' lang='lat' dir='ltr'><strong>verba,</strong></span> <span class='ocrx_word' id='word_1_150' title='bbox 1471 2928 1619 2993; x_wconf 78' lang='lat' dir='ltr'><strong>quae</strong></span> <span class='ocrx_word' id='word_1_151' title='bbox 1649 2909 1822 2975; x_wconf 90' lang='lat' dir='ltr'><strong>mul-</strong></span> 
     </span>
     <span class='ocr_line' id='line_1_24' title="bbox 294 3013 1822 3083; baseline 0.004 -6"><span class='ocrx_word' id='word_1_152' title='bbox 294 3013 417 3076; x_wconf 84' lang='lat' dir='ltr'><strong>tum</strong></span> <span class='ocrx_word' id='word_1_153' title='bbox 455 3021 613 3081; x_wconf 87' lang='lat' dir='ltr'><strong>sunt</strong></span> <span class='ocrx_word' id='word_1_154' title='bbox 652 3016 725 3081; x_wconf 89' lang='lat' dir='ltr'><strong>in</strong></span> <span class='ocrx_word' id='word_1_155' title='bbox 770 3016 880 3082; x_wconf 89' lang='lat' dir='ltr'><strong>tali</strong></span> <span class='ocrx_word' id='word_1_156' title='bbox 917 3017 1186 3082; x_wconf 87' lang='lat' dir='ltr'><strong>materia</strong></span> <span class='ocrx_word' id='word_1_157' title='bbox 1247 3017 1664 3083; x_wconf 84' lang='lat' dir='ltr'><strong>observanda.</strong></span> <span class='ocrx_word' id='word_1_158' title='bbox 1721 3015 1822 3082; x_wconf 86' lang='lat' dir='ltr'><strong>Ex</strong></span> 
     </span>
     <span class='ocr_line' id='line_1_25' title="bbox 295 3118 1821 3212; baseline 0.004 -26"><span class='ocrx_word' id='word_1_159' title='bbox 295 3118 387 3186; x_wconf 87' lang='lat' dir='ltr'><strong>his</strong></span> <span class='ocrx_word' id='word_1_160' title='bbox 414 3141 572 3208; x_wconf 81' lang='lat' dir='ltr'><strong>ergo</strong></span> <span class='ocrx_word' id='word_1_161' title='bbox 595 3143 745 3210; x_wconf 81' lang='lat' dir='ltr'><strong>quae</strong></span> <span class='ocrx_word' id='word_1_162' title='bbox 769 3125 938 3192; x_wconf 78' lang='lat' dir='ltr'><strong>dicta</strong></span> <span class='ocrx_word' id='word_1_163' title='bbox 964 3130 1136 3208; x_wconf 89' lang='lat' dir='ltr'><strong>sunt,</strong></span> <span class='ocrx_word' id='word_1_164' title='bbox 1166 3126 1380 3210; x_wconf 76' lang='lat' dir='ltr'><strong>colligi</strong></span> <span class='ocrx_word' id='word_1_165' title='bbox 1405 3130 1640 3211; x_wconf 87' lang='lat' dir='ltr'><strong>potest,</strong></span> <span class='ocrx_word' id='word_1_166' title='bbox 1669 3143 1821 3212; x_wconf 81' lang='lat' dir='ltr'><strong>quae</strong></span> 
     </span>
     <span class='ocr_line' id='line_1_26' title="bbox 296 3228 1821 3316; baseline 0.005 -25"><span class='ocrx_word' id='word_1_167' title='bbox 296 3228 365 3292; x_wconf 80' lang='lat' dir='ltr'><strong>sit</strong></span> <span class='ocrx_word' id='word_1_168' title='bbox 385 3234 838 3314; x_wconf 66' lang='lat' dir='ltr'><strong>praedictarum</strong></span> <span class='ocrx_word' id='word_1_169' title='bbox 862 3234 1242 3316; x_wconf 85' lang='lat' dir='ltr'><strong>opinionum</strong></span> <span class='ocrx_word' id='word_1_170' title='bbox 1280 3235 1632 3315; x_wconf 83' lang='lat' dir='ltr'><strong>diversitas,</strong></span> <span class='ocrx_word' id='word_1_171' title='bbox 1662 3235 1821 3300; x_wconf 92' lang='lat' dir='ltr'><strong>etin</strong></span> 
     </span>
     <span class='ocr_line' id='line_1_27' title="bbox 298 3340 1819 3424; baseline 0 -18"><span class='ocrx_word' id='word_1_172' title='bbox 298 3351 412 3417; x_wconf 80' lang='lat' dir='ltr'><strong>qua</strong></span> <span class='ocrx_word' id='word_1_173' title='bbox 429 3357 653 3406; x_wconf 86' lang='lat' dir='ltr'><strong>earum</strong></span> <span class='ocrx_word' id='word_1_174' title='bbox 692 3340 781 3405; x_wconf 89' lang='lat' dir='ltr'><strong>sit</strong></span> <span class='ocrx_word' id='word_1_175' title='bbox 816 3343 1024 3424; x_wconf 87' lang='lat' dir='ltr'><strong>major</strong></span> <span class='ocrx_word' id='word_1_176' title='bbox 1060 3341 1477 3424; x_wconf 75' lang='lat' dir='ltr'><strong>probabilitas</strong></span> <span class='ocrx_word' id='word_1_177' title='bbox 1508 3340 1819 3421; x_wconf 85' lang='lat' dir='ltr'><strong>veritatis,</strong></span> 
     </span>
     <span class='ocr_line' id='line_1_28' title="bbox 300 3445 404 3510; baseline 0.01 -1"><span class='ocrx_word' id='word_1_178' title='bbox 300 3445 404 3510; x_wconf 82' lang='lat' dir='ltr'><strong>etc.</strong></span> 
     </span>
    </p>
   </div>
   <div class='ocr_carea' id='block_1_3' title="bbox 703 3590 1399 3663">
    <p class='ocr_par' dir='ltr' id='par_1_3' title="bbox 703 3590 1399 3663">
     <span class='ocr_line' id='line_1_29' title="bbox 703 3590 1399 3663; baseline -0.001 -2"><span class='ocrx_word' id='word_1_179' title='bbox 703 3590 1258 3663; x_wconf 86' lang='lat' dir='ltr'>ARTICULUS</span> <span class='ocrx_word' id='word_1_180' title='bbox 1303 3592 1399 3661; x_wconf 90' lang='lat'><strong>11.</strong></span> 
     </span>
    </p>
   </div>
   <div class='ocr_carea' id='block_1_4' title="bbox 306 3766 1831 4605">
    <p class='ocr_par' dir='ltr' id='par_1_4' title="bbox 306 3766 1831 4605">
     <span class='ocr_line' id='line_1_30' title="bbox 371 3766 1828 3855; baseline 0.001 -20"><span class='ocrx_word' id='word_1_181' title='bbox 371 3766 836 3855; x_wconf 81' lang='lat' dir='ltr'><strong>Consequenter</strong></span> <span class='ocrx_word' id='word_1_182' title='bbox 880 3770 1194 3853; x_wconf 84' lang='lat' dir='ltr'><strong>quaeritur</strong></span> <span class='ocrx_word' id='word_1_183' title='bbox 1246 3771 1326 3837; x_wconf 92' lang='lat' dir='ltr'><strong>de</strong></span> <span class='ocrx_word' id='word_1_184' title='bbox 1378 3769 1683 3853; x_wconf 75' lang='lat' dir='ltr'><strong>qualitate</strong></span> <span class='ocrx_word' id='word_1_185' title='bbox 1761 3775 1828 3836; x_wconf 87' lang='lat' dir='ltr'><strong>et</strong></span> 
     </span>
     <span class='ocr_line' id='line_1_31' title="bbox 307 3876 1828 3962; baseline 0.001 -22"><span class='ocrx_word' id='word_1_186' title='bbox 307 3876 612 3943; x_wconf 83' lang='lat' dir='ltr'><strong>nobilitate</strong></span> <span class='ocrx_word' id='word_1_187' title='bbox 643 3878 818 3943; x_wconf 79' lang='lat' dir='ltr'><strong>illius</strong></span> <span class='ocrx_word' id='word_1_188' title='bbox 857 3878 1118 3944; x_wconf 89' lang='lat' dir='ltr'><strong>unionis</strong></span> <span class='ocrx_word' id='word_1_189' title='bbox 1131 3926 1150 3956; x_wconf 82' lang='lat'><strong>‚</strong></span> <span class='ocrx_word' id='word_1_190' title='bbox 1197 3897 1281 3944; x_wconf 84' lang='lat' dir='ltr'><strong>ex</strong></span> <span class='ocrx_word' id='word_1_191' title='bbox 1319 3896 1449 3962; x_wconf 79' lang='lat' dir='ltr'><strong>qna</strong></span> <span class='ocrx_word' id='word_1_192' title='bbox 1490 3877 1828 3961; x_wconf 76' lang='lat' dir='ltr'><strong>consurgit</strong></span> 
     </span>
     <span class='ocr_line' id='line_1_32' title="bbox 306 3979 1828 4069; baseline 0.003 -24"><span class='ocrx_word' id='word_1_193' title='bbox 306 3979 613 4051; x_wconf 73' lang='lat' dir='ltr'><strong>diversitas</strong></span> <span class='ocrx_word' id='word_1_194' title='bbox 649 3986 923 4052; x_wconf 86' lang='lat' dir='ltr'><strong>istarum</strong></span> <span class='ocrx_word' id='word_1_195' title='bbox 962 3985 1161 4051; x_wconf 90' lang='lat' dir='ltr'><strong>trium</strong></span> <span class='ocrx_word' id='word_1_196' title='bbox 1203 3986 1616 4069; x_wconf 87' lang='lat' dir='ltr'><strong>opinionum;</strong></span> <span class='ocrx_word' id='word_1_197' title='bbox 1661 3985 1828 4050; x_wconf 89' lang='lat' dir='ltr'><strong>circa</strong></span> 
     </span>
     <span class='ocr_line' id='line_1_33' title="bbox 308 4092 1828 4177; baseline 0.003 -21"><span class='ocrx_word' id='word_1_198' title='bbox 308 4105 485 4170; x_wconf 84' lang='lat' dir='ltr'><strong>quam</strong></span> <span class='ocrx_word' id='word_1_199' title='bbox 520 4095 906 4176; x_wconf 80' lang='lat' dir='ltr'><strong>quaeruntur</strong></span> <span class='ocrx_word' id='word_1_200' title='bbox 940 4092 1064 4158; x_wconf 84' lang='lat' dir='ltr'><strong>tria</strong></span> <span class='ocrx_word' id='word_1_201' title='bbox 1097 4115 1114 4159; x_wconf 71' lang='grc' dir='ltr'>ε</span> <span class='ocrx_word' id='word_1_202' title='bbox 1147 4094 1357 4177; x_wconf 87' lang='lat' dir='ltr'><strong>primo</strong></span> <span class='ocrx_word' id='word_1_203' title='bbox 1396 4095 1712 4177; x_wconf 81' lang='lat' dir='ltr'><strong>quaeritur</strong></span> <span class='ocrx_word' id='word_1_204' title='bbox 1749 4093 1828 4159; x_wconf 88' lang='lat' dir='ltr'><strong>de</strong></span> 
     </span>
     <span class='ocr_line' id='line_1_34' title="bbox 308 4195 1831 4284; baseline 0.003 -25"><span class='ocrx_word' id='word_1_205' title='bbox 308 4195 404 4261; x_wconf 89' lang='lat' dir='ltr'><strong>illa</strong></span> <span class='ocrx_word' id='word_1_206' title='bbox 439 4198 796 4265; x_wconf 87' lang='lat' dir='ltr'><strong>beatissima</strong></span> <span class='ocrx_word' id='word_1_207' title='bbox 842 4198 1079 4266; x_wconf 88' lang='lat' dir='ltr'><strong>unione</strong></span> <span class='ocrx_word' id='word_1_208' title='bbox 1122 4206 1439 4284; x_wconf 88' lang='lat' dir='ltr'><strong>quantum</strong></span> <span class='ocrx_word' id='word_1_209' title='bbox 1475 4201 1556 4267; x_wconf 87' lang='lat' dir='ltr'><strong>ad</strong></span> <span class='ocrx_word' id='word_1_210' title='bbox 1606 4201 1831 4266; x_wconf 86' lang='lat' dir='ltr'><strong>termi-</strong></span> 
     </span>
     <span class='ocr_line' id='line_1_35' title="bbox 309 4307 1831 4392; baseline 0.005 -26"><span class='ocrx_word' id='word_1_211' title='bbox 309 4318 494 4386; x_wconf 87' lang='lat' dir='ltr'><strong>num;</strong></span> <span class='ocrx_word' id='word_1_212' title='bbox 521 4307 802 4373; x_wconf 88' lang='lat' dir='ltr'><strong>secundo</strong></span> <span class='ocrx_word' id='word_1_213' title='bbox 829 4326 983 4373; x_wconf 81' lang='lat' dir='ltr'><strong>vero</strong></span> <span class='ocrx_word' id='word_1_214' title='bbox 1013 4308 1327 4391; x_wconf 81' lang='lat' dir='ltr'><strong>quaeritur</strong></span> <span class='ocrx_word' id='word_1_215' title='bbox 1354 4309 1433 4374; x_wconf 90' lang='lat' dir='ltr'><strong>de</strong></span> <span class='ocrx_word' id='word_1_216' title='bbox 1460 4309 1595 4392; x_wconf 82' lang='lat' dir='ltr'><strong>ipsa</strong></span> <span class='ocrx_word' id='word_1_217' title='bbox 1619 4327 1831 4392; x_wconf 90' lang='lat' dir='ltr'><strong>quan-</strong></span> 
     </span>
     <span class='ocr_line' id='line_1_36' title="bbox 310 4413 1831 4499; baseline 0.005 -24"><span class='ocrx_word' id='word_1_218' title='bbox 310 4413 437 4476; x_wconf 86' lang='lat' dir='ltr'><strong>tum</strong></span> <span class='ocrx_word' id='word_1_219' title='bbox 475 4415 551 4481; x_wconf 87' lang='lat' dir='ltr'><strong>ad</strong></span> <span class='ocrx_word' id='word_1_220' title='bbox 598 4415 906 4494; x_wconf 89' lang='lat' dir='ltr'><strong>modum;</strong></span> <span class='ocrx_word' id='word_1_221' title='bbox 956 4416 1145 4480; x_wconf 85' lang='lat' dir='ltr'><strong>tertio</strong></span> <span class='ocrx_word' id='word_1_222' title='bbox 1191 4432 1347 4480; x_wconf 79' lang='lat' dir='ltr'><strong>vero</strong></span> <span class='ocrx_word' id='word_1_223' title='bbox 1391 4417 1708 4499; x_wconf 76' lang='lat' dir='ltr'><strong>quaeritur</strong></span> <span class='ocrx_word' id='word_1_224' title='bbox 1751 4416 1831 4482; x_wconf 89' lang='lat' dir='ltr'><strong>de</strong></span> 
     </span>
     <span class='ocr_line' id='line_1_37' title="bbox 311 4519 1283 4605; baseline 0.004 -22"><span class='ocrx_word' id='word_1_225' title='bbox 311 4519 510 4586; x_wconf 83' lang='lat' dir='ltr'><strong>eadem</strong></span> <span class='ocrx_word' id='word_1_226' title='bbox 535 4526 850 4605; x_wconf 83' lang='lat' dir='ltr'><strong>quantum</strong></span> <span class='ocrx_word' id='word_1_227' title='bbox 872 4523 956 4589; x_wconf 88' lang='lat' dir='ltr'><strong>ad</strong></span> <span class='ocrx_word' id='word_1_228' title='bbox 982 4522 1283 4605; x_wconf 79' lang='lat' dir='ltr'><strong>gradum.</strong></span> 
     </span>
    </p>
   </div>
   <div class='ocr_carea' id='block_1_5' title="bbox 833 4740 1288 4820">
    <p class='ocr_par' dir='ltr' id='par_1_5' title="bbox 833 4740 1288 4820">
     <span class='ocr_line' id='line_1_38' title="bbox 833 4740 1288 4820; baseline 0 -13"><span class='ocrx_word' id='word_1_229' title='bbox 833 4740 1193 4820; x_wconf 78' lang='lat' dir='ltr'><strong>QUAESTIO</strong></span> <span class='ocrx_word' id='word_1_230' title='bbox 1237 4741 1288 4807; x_wconf 91' lang='lat' dir='ltr'><strong>l.</strong></span> 
     </span>
    </p>
   </div>
   <div class='ocr_carea' id='block_1_6' title="bbox 313 4909 1830 5078">
    <p class='ocr_par' dir='ltr' id='par_1_6' title="bbox 313 4909 1830 5078">
     <span class='ocr_line' id='line_1_39' title="bbox 313 4909 1830 4974; baseline 0.005 -10"><span class='ocrx_word' id='word_1_231' title='bbox 313 4909 390 4967; x_wconf 72' lang='lat' dir='ltr'><strong>An</strong></span> <span class='ocrx_word' id='word_1_232' title='bbox 409 4915 527 4971; x_wconf 76' lang='lat' dir='ltr'><strong>unio</strong></span> <span class='ocrx_word' id='word_1_233' title='bbox 550 4913 778 4974; x_wconf 72' lang='grc' dir='ltr'><strong>ἀυαπιηι</strong></span> <span class='ocrx_word' id='word_1_234' title='bbox 814 4916 1141 4970; x_wconf 77' lang='lat' dir='ltr'><strong>naturarum</strong></span> <span class='ocrx_word' id='word_1_235' title='bbox 1171 4915 1246 4970; x_wconf 77' lang='lat' dir='ltr'><strong>sit</strong></span> <span class='ocrx_word' id='word_1_236' title='bbox 1277 4916 1575 4972; x_wconf 79' lang='lat' dir='ltr'><strong>terminata</strong></span> <span class='ocrx_word' id='word_1_237' title='bbox 1601 4914 1676 4972; x_wconf 80' lang='lat' dir='ltr'><strong>ad</strong></span> <span class='ocrx_word' id='word_1_238' title='bbox 1700 4918 1830 4974; x_wconf 78' lang='lat' dir='ltr'><strong>uni-</strong></span> 
     </span>
     <span class='ocr_line' id='line_1_40' title="bbox 798 5003 1294 5078; baseline 0.004 -18"><span class='ocrx_word' id='word_1_239' title='bbox 798 5007 969 5061; x_wconf 75' lang='lat' dir='ltr'><strong>tatem</strong></span> <span class='ocrx_word' id='word_1_240' title='bbox 988 5018 1229 5078; x_wconf 80' lang='lat' dir='ltr'><strong>personae</strong></span> <span class='ocrx_word' id='word_1_241' title='bbox 1254 5003 1294 5062; x_wconf 88' lang='lat'><strong>¹.</strong></span> 
     </span>
    </p>
   </div>
   <div class='ocr_carea' id='block_1_7' title="bbox 375 5159 1835 5249">
    <p class='ocr_par' dir='ltr' id='par_1_7' title="bbox 375 5159 1835 5249">
     <span class='ocr_line' id='line_1_41' title="bbox 375 5159 1835 5249; baseline 0.001 -20"><span class='ocrx_word' id='word_1_242' title='bbox 375 5159 454 5229; x_wconf 85' lang='lat' dir='ltr'><strong>De</strong></span> <span class='ocrx_word' id='word_1_243' title='bbox 475 5165 580 5233; x_wconf 88' lang='lat' dir='ltr'><strong>illa</strong></span> <span class='ocrx_word' id='word_1_244' title='bbox 604 5166 850 5233; x_wconf 89' lang='lat' dir='ltr'><strong>unione</strong></span> <span class='ocrx_word' id='word_1_245' title='bbox 884 5168 1200 5249; x_wconf 88' lang='lat' dir='ltr'><strong>quantum</strong></span> <span class='ocrx_word' id='word_1_246' title='bbox 1241 5164 1322 5230; x_wconf 86' lang='lat' dir='ltr'><strong>ad</strong></span> <span class='ocrx_word' id='word_1_247' title='bbox 1355 5164 1739 5243; x_wconf 84' lang='lat' dir='ltr'><strong>terminum3</strong></span> <span class='ocrx_word' id='word_1_248' title='bbox 1769 5170 1835 5231; x_wconf 91' lang='lat' dir='ltr'><strong>et</strong></span> 
     </span>
    </p>
   </div>
   <div class='ocr_carea' id='block_1_8' title="bbox 300 5360 1830 5504">
    <p class='ocr_par' dir='ltr' id='par_1_8' title="bbox 300 5360 1830 5504">
     <span class='ocr_line' id='line_1_42' title="bbox 362 5360 1826 5432; baseline 0.001 -17"><span class='ocrx_word' id='word_1_249' title='bbox 362 5360 472 5428; x_wconf 78' lang='lat' dir='ltr'><strong>¹Cf.</strong></span> <span class='ocrx_word' id='word_1_250' title='bbox 497 5365 550 5417; x_wconf 86' lang='lat' dir='ltr'><strong>S.</strong></span> <span class='ocrx_word' id='word_1_251' title='bbox 569 5365 776 5432; x_wconf 81' lang='lat' dir='ltr'><strong>Thom.,</strong></span> <span class='ocrx_word' id='word_1_252' title='bbox 792 5378 848 5431; x_wconf 88' lang='lat' dir='ltr'><strong>p.</strong></span> <span class='ocrx_word' id='word_1_253' title='bbox 868 5365 959 5430; x_wconf 81' lang='grc' dir='ltr'>ΙΙΙ,</span> <span class='ocrx_word' id='word_1_254' title='bbox 977 5377 1030 5429; x_wconf 88' lang='lat' dir='ltr'><strong>q.</strong></span> <span class='ocrx_word' id='word_1_255' title='bbox 1052 5375 1110 5429; x_wconf 76' lang='lat' dir='ltr'><strong>u,</strong></span> <span class='ocrx_word' id='word_1_256' title='bbox 1139 5367 1236 5415; x_wconf 85' lang='lat' dir='ltr'><strong>art.</strong></span> <span class='ocrx_word' id='word_1_257' title='bbox 1262 5364 1293 5411; x_wconf 83' lang='lat'><em>2</em></span> <span class='ocrx_word' id='word_1_258' title='bbox 1319 5367 1373 5414; x_wconf 91' lang='lat' dir='ltr'><strong>et</strong></span> <span class='ocrx_word' id='word_1_259' title='bbox 1397 5366 1464 5427; x_wconf 78' lang='lat'><strong>³3</strong></span> <span class='ocrx_word' id='word_1_260' title='bbox 1489 5368 1541 5415; x_wconf 90' lang='lat' dir='ltr'><strong>et</strong></span> <span class='ocrx_word' id='word_1_261' title='bbox 1568 5364 1634 5414; x_wconf 81' lang='lat' dir='ltr'><strong>ut</strong></span> <span class='ocrx_word' id='word_1_262' title='bbox 1664 5365 1826 5428; x_wconf 65' lang='lat' dir='ltr'><strong>Seni„</strong></span> 
     </span>
     <span class='ocr_line' id='line_1_43' title="bbox 300 5430 1830 5504; baseline 0.004 -22"><span class='ocrx_word' id='word_1_263' title='bbox 300 5430 403 5485; x_wconf 79' lang='lat' dir='ltr'><strong>dist.</strong></span> <span class='ocrx_word' id='word_1_264' title='bbox 421 5446 489 5499; x_wconf 77' lang='lat' dir='ltr'><strong>vl,</strong></span> <span class='ocrx_word' id='word_1_265' title='bbox 507 5451 557 5503; x_wconf 89' lang='lat' dir='ltr'><strong>q.</strong></span> <span class='ocrx_word' id='word_1_266' title='bbox 587 5448 638 5504; x_wconf 88' lang='lat'><strong>1,</strong></span> <span class='ocrx_word' id='word_1_267' title='bbox 661 5441 761 5489; x_wconf 85' lang='lat' dir='ltr'><strong>art.</strong></span> <span class='ocrx_word' id='word_1_268' title='bbox 784 5442 835 5499; x_wconf 76' lang='lat'><strong>⁴¹3</strong></span> <span class='ocrx_word' id='word_1_269' title='bbox 861 5440 916 5487; x_wconf 89' lang='lat' dir='ltr'><strong>et</strong></span> <span class='ocrx_word' id='word_1_270' title='bbox 937 5436 1001 5489; x_wconf 80' lang='lat' dir='ltr'><strong>{V</strong></span> <span class='ocrx_word' id='word_1_271' title='bbox 1021 5438 1199 5486; x_wconf 76' lang='lat' dir='ltr'><strong>contra</strong></span> <span class='ocrx_word' id='word_1_272' title='bbox 1218 5433 1388 5494; x_wconf 70' lang='lat' dir='ltr'><strong>Geni..</strong></span> <span class='ocrx_word' id='word_1_273' title='bbox 1413 5450 1458 5486; x_wconf 89' lang='lat' dir='ltr'><strong>c.</strong></span> <span class='ocrx_word' id='word_1_274' title='bbox 1483 5437 1562 5497; x_wconf 70' lang='lat'><strong>³4,</strong></span> <span class='ocrx_word' id='word_1_275' title='bbox 1587 5437 1647 5486; x_wconf 77' lang='lat'><strong>37</strong></span> <span class='ocrx_word' id='word_1_276' title='bbox 1677 5440 1729 5487; x_wconf 88' lang='lat' dir='ltr'><strong>et</strong></span> <span class='ocrx_word' id='word_1_277' title='bbox 1742 5437 1830 5499; x_wconf 81' lang='lat'><strong>38;</strong></span> 
     </span>
    </p>
   </div>
   <div class='ocr_carea' id='block_1_9' title="bbox 299 5506 1831 5585">
    <p class='ocr_par' dir='ltr' id='par_1_9' title="bbox 299 5506 1831 5585">
     <span class='ocr_line' id='line_1_44' title="bbox 299 5506 1831 5585; baseline -0.001 -26"><span class='ocrx_word' id='word_1_278' title='bbox 299 5509 345 5555; x_wconf 72' lang='lat' dir='ltr'><strong>ot</strong></span> <span class='ocrx_word' id='word_1_279' title='bbox 360 5506 547 5574; x_wconf 77' lang='lat' dir='ltr'><strong>Quolib.</strong></span> <span class='ocrx_word' id='word_1_280' title='bbox 578 5511 661 5576; x_wconf 73' lang='lat'><strong>11,</strong></span> <span class='ocrx_word' id='word_1_281' title='bbox 681 5525 737 5585; x_wconf 81' lang='lat' dir='ltr'><strong>q.</strong></span> <span class='ocrx_word' id='word_1_282' title='bbox 767 5522 832 5576; x_wconf 77' lang='grc' dir='ltr'><strong>ιι,</strong></span> <span class='ocrx_word' id='word_1_283' title='bbox 856 5514 957 5566; x_wconf 70' lang='lat' dir='ltr'><strong>art.</strong></span> <span class='ocrx_word' id='word_1_284' title='bbox 986 5515 1001 5551; x_wconf 85' lang='lat'><strong>⁴</strong></span> <span class='ocrx_word' id='word_1_285' title='bbox 1028 5513 1082 5566; x_wconf 75' lang='lat' dir='ltr'><strong>et</strong></span> <span class='ocrx_word' id='word_1_286' title='bbox 1099 5511 1159 5576; x_wconf 69' lang='lat'><strong>³3</strong></span> <span class='ocrx_word' id='word_1_287' title='bbox 1178 5508 1376 5574; x_wconf 59' lang='lat' dir='ltr'><strong>Reid„</strong></span> <span class='ocrx_word' id='word_1_288' title='bbox 1390 5511 1561 5573; x_wconf 77' lang='lat' dir='ltr'><strong>Rom..</strong></span> <span class='ocrx_word' id='word_1_289' title='bbox 1583 5509 1648 5560; x_wconf 82' lang='lat' dir='ltr'><strong>m</strong></span> <span class='ocrx_word' id='word_1_290' title='bbox 1668 5507 1831 5571; x_wconf 63' lang='lat' dir='ltr'><strong>Sene„</strong></span> 
     </span>
    </p>
   </div>
   <div class='ocr_carea' id='block_1_10' title="bbox 1911 522 3462 735">
    <p class='ocr_par' dir='ltr' id='par_1_10' title="bbox 1911 522 3462 735">
     <span class='ocr_line' id='line_1_45' title="bbox 3333 522 3460 586; baseline 0.016 -2"><span class='ocrx_word' id='word_1_291' title='bbox 3333 522 3460 586; x_wconf 67' lang='grc' dir='ltr'><strong>ἠδ</strong></span> 
     </span>
     <span class='ocr_line' id='line_1_46' title="bbox 1911 650 3462 735; baseline 0.004 -21"><span class='ocrx_word' id='word_1_292' title='bbox 1911 650 2227 735; x_wconf 66' lang='lat' dir='ltr'><strong>quaritur</strong></span> <span class='ocrx_word' id='word_1_293' title='bbox 2271 654 2492 718; x_wconf 90' lang='lat' dir='ltr'><strong>utrum</strong></span> <span class='ocrx_word' id='word_1_294' title='bbox 2525 654 2867 721; x_wconf 76' lang='lat' dir='ltr'><strong>terminata</strong></span> <span class='ocrx_word' id='word_1_295' title='bbox 2906 656 2994 720; x_wconf 86' lang='lat' dir='ltr'><strong>sit</strong></span> <span class='ocrx_word' id='word_1_296' title='bbox 3026 656 3108 720; x_wconf 79' lang='lat' dir='ltr'><strong>ad</strong></span> <span class='ocrx_word' id='word_1_297' title='bbox 3148 654 3462 721; x_wconf 84' lang='lat' dir='ltr'><strong>unitatem</strong></span> 
     </span>
    </p>
   </div>
   <div class='ocr_carea' id='block_1_11' title="bbox 1912 760 3704 847">
    <p class='ocr_par' dir='ltr' id='par_1_11' title="bbox 1912 760 3704 847">
     <span class='ocr_line' id='line_1_47' title="bbox 1912 760 3704 847; baseline -0.004 -21"><span class='ocrx_word' id='word_1_298' title='bbox 1912 774 2241 841; x_wconf 62' lang='lat' dir='ltr'><strong>persone,</strong></span> <span class='ocrx_word' id='word_1_299' title='bbox 2281 776 2369 823; x_wconf 92' lang='lat' dir='ltr'><strong>an</strong></span> <span class='ocrx_word' id='word_1_300' title='bbox 2410 777 2565 825; x_wconf 89' lang='lat' dir='ltr'><strong>non.</strong></span> <span class='ocrx_word' id='word_1_301' title='bbox 2608 760 2688 828; x_wconf 88' lang='lat' dir='ltr'><strong>Et</strong></span> <span class='ocrx_word' id='word_1_302' title='bbox 2731 762 2903 847; x_wconf 88' lang='lat' dir='ltr'><strong>quod</strong></span> <span class='ocrx_word' id='word_1_303' title='bbox 2953 762 3078 840; x_wconf 89' lang='lat' dir='ltr'><strong>sic,</strong></span> <span class='ocrx_word' id='word_1_304' title='bbox 3121 762 3412 829; x_wconf 79' lang='lat' dir='ltr'><strong>videtur&#39;</strong></span> <span class='ocrx_word' id='word_1_305' title='bbox 3442 783 3457 826; x_wconf 74' lang='grc' dir='ltr'>ε</span> <span class='ocrx_word' id='word_1_306' title='bbox 3492 776 3704 821; x_wconf 69' lang='lat' dir='ltr'><strong>ranam.</strong></span> 
     </span>
    </p>
   </div>
   <div class='ocr_carea' id='block_1_12' title="bbox 1913 866 3470 1706">
    <p class='ocr_par' dir='ltr' id='par_1_12' title="bbox 1913 866 3470 1706">
     <span class='ocr_line' id='line_1_48' title="bbox 1913 866 3462 953; baseline 0.003 -23"><span class='ocrx_word' id='word_1_307' title='bbox 1913 866 2056 948; x_wconf 67' lang='lat' dir='ltr'><strong>Epo</strong></span> <span class='ocrx_word' id='word_1_308' title='bbox 2095 866 2530 949; x_wconf 71' lang='lat' dir='ltr'><strong>principium,</strong></span> <span class='ocrx_word' id='word_1_309' title='bbox 2578 871 2697 953; x_wconf 79' lang='lat' dir='ltr'><strong>qm·</strong></span> <span class='ocrx_word' id='word_1_310' title='bbox 2734 878 2795 937; x_wconf 74' lang='lat' dir='ltr'><strong>et</strong></span> <span class='ocrx_word' id='word_1_311' title='bbox 2840 870 3064 953; x_wconf 80' lang='lat' dir='ltr'><strong>loquor</strong></span> <span class='ocrx_word' id='word_1_312' title='bbox 3099 870 3330 937; x_wconf 81' lang='lat' dir='ltr'><strong>vobis:</strong></span> <span class='ocrx_word' id='word_1_313' title='bbox 3357 868 3462 934; x_wconf 85' lang='lat' dir='ltr'><strong>sed</strong></span> 
     </span>
     <span class='ocr_line' id='line_1_49' title="bbox 1913 977 3466 1058; baseline 0.001 -19"><span class='ocrx_word' id='word_1_314' title='bbox 1913 988 2023 1055; x_wconf 73' lang='lat' dir='ltr'><strong>eqo</strong></span> <span class='ocrx_word' id='word_1_315' title='bbox 2073 977 2169 1037; x_wconf 86' lang='lat' dir='ltr'><strong>est</strong></span> <span class='ocrx_word' id='word_1_316' title='bbox 2210 990 2569 1056; x_wconf 87' lang='lat' dir='ltr'><strong>pronomen</strong></span> <span class='ocrx_word' id='word_1_317' title='bbox 2616 977 3190 1044; x_wconf 78' lang='lat' dir='ltr'><strong>demonstrativum</strong></span> <span class='ocrx_word' id='word_1_318' title='bbox 3233 995 3254 1042; x_wconf 72' lang='grc' dir='ltr'><strong><em>ε</em></strong></span> <span class='ocrx_word' id='word_1_319' title='bbox 3305 993 3466 1058; x_wconf 80' lang='lat' dir='ltr'><strong>ergo</strong></span> 
     </span>
     <span class='ocr_line' id='line_1_50' title="bbox 1915 1080 3470 1168; baseline 0.003 -24"><span class='ocrx_word' id='word_1_320' title='bbox 1915 1083 2155 1144; x_wconf 86' lang='lat' dir='ltr'><strong>certam</strong></span> <span class='ocrx_word' id='word_1_321' title='bbox 2184 1080 2574 1147; x_wconf 85' lang='lat' dir='ltr'><strong>demonstrat</strong></span> <span class='ocrx_word' id='word_1_322' title='bbox 2602 1102 2975 1166; x_wconf 79' lang='lat' dir='ltr'><strong>personam3</strong></span> <span class='ocrx_word' id='word_1_323' title='bbox 3004 1089 3070 1149; x_wconf 88' lang='lat' dir='ltr'><strong>et</strong></span> <span class='ocrx_word' id='word_1_324' title='bbox 3096 1087 3214 1168; x_wconf 78' lang='lat' dir='ltr'><strong>qui</strong></span> <span class='ocrx_word' id='word_1_325' title='bbox 3241 1088 3335 1148; x_wconf 89' lang='lat' dir='ltr'><strong>est</strong></span> <span class='ocrx_word' id='word_1_326' title='bbox 3359 1093 3470 1149; x_wconf 89' lang='lat' dir='ltr'><strong>no·</strong></span> 
     </span>
     <span class='ocr_line' id='line_1_51' title="bbox 1918 1186 3470 1272; baseline 0.005 -23"><span class='ocrx_word' id='word_1_327' title='bbox 1918 1203 2068 1250; x_wconf 91' lang='lat' dir='ltr'><strong>men</strong></span> <span class='ocrx_word' id='word_1_328' title='bbox 2122 1186 2464 1253; x_wconf 85' lang='lat' dir='ltr'><strong>relativum</strong></span> <span class='ocrx_word' id='word_1_329' title='bbox 2518 1208 2536 1254; x_wconf 72' lang='grc' dir='ltr'><strong>ε</strong></span> <span class='ocrx_word' id='word_1_330' title='bbox 2587 1208 2748 1272; x_wconf 75' lang='lat' dir='ltr'><strong>ergo</strong></span> <span class='ocrx_word' id='word_1_331' title='bbox 2804 1194 2868 1256; x_wconf 87' lang='lat' dir='ltr'><strong>et</strong></span> <span class='ocrx_word' id='word_1_332' title='bbox 2925 1193 3217 1258; x_wconf 85' lang='lat' dir='ltr'><strong>eamdem</strong></span> <span class='ocrx_word' id='word_1_333' title='bbox 3276 1191 3470 1257; x_wconf 80' lang='lat' dir='ltr'><strong>refert</strong></span> 
     </span>
     <span class='ocr_line' id='line_1_52' title="bbox 1917 1305 3470 1385; baseline 0.003 -24"><span class='ocrx_word' id='word_1_334' title='bbox 1917 1314 2253 1380; x_wconf 85' lang='lat' dir='ltr'><strong>personam</strong></span> <span class='ocrx_word' id='word_1_335' title='bbox 2284 1319 2301 1361; x_wconf 70' lang='grc' dir='ltr'>ε</span> <span class='ocrx_word' id='word_1_336' title='bbox 2330 1316 2492 1380; x_wconf 77' lang='lat' dir='ltr'><strong>ergo</strong></span> <span class='ocrx_word' id='word_1_337' title='bbox 2521 1318 2655 1366; x_wconf 91' lang='lat' dir='ltr'><strong>una</strong></span> <span class='ocrx_word' id='word_1_338' title='bbox 2683 1305 2819 1366; x_wconf 87' lang='lat' dir='ltr'><strong>erat</strong></span> <span class='ocrx_word' id='word_1_339' title='bbox 2843 1319 3136 1385; x_wconf 86' lang='lat' dir='ltr'><strong>persona,</strong></span> <span class='ocrx_word' id='word_1_340' title='bbox 3163 1320 3314 1385; x_wconf 79' lang='lat' dir='ltr'><strong>quae</strong></span> <span class='ocrx_word' id='word_1_341' title='bbox 3331 1306 3470 1366; x_wconf 88' lang='lat' dir='ltr'><strong>erat</strong></span> 
     </span>
     <span class='ocr_line' id='line_1_53' title="bbox 1918 1402 3470 1493; baseline 0.004 -27"><span class='ocrx_word' id='word_1_342' title='bbox 1918 1402 2336 1486; x_wconf 83' lang='lat' dir='ltr'><strong>principium,</strong></span> <span class='ocrx_word' id='word_1_343' title='bbox 2367 1410 2431 1470; x_wconf 89' lang='lat' dir='ltr'><strong>et</strong></span> <span class='ocrx_word' id='word_1_344' title='bbox 2455 1424 2604 1489; x_wconf 79' lang='lat' dir='ltr'><strong>quae</strong></span> <span class='ocrx_word' id='word_1_345' title='bbox 2631 1408 3011 1492; x_wconf 86' lang='lat' dir='ltr'><strong>loquebatur</strong></span> <span class='ocrx_word' id='word_1_346' title='bbox 3043 1433 3058 1475; x_wconf 90' lang='lat'><strong>:</strong></span> <span class='ocrx_word' id='word_1_347' title='bbox 3089 1410 3200 1475; x_wconf 85' lang='lat' dir='ltr'><strong>sed</strong></span> <span class='ocrx_word' id='word_1_348' title='bbox 3231 1408 3470 1493; x_wconf 89' lang='lat' dir='ltr'><strong>princi-</strong></span> 
     </span>
     <span class='ocr_line' id='line_1_54' title="bbox 1917 1510 3470 1601; baseline 0.005 -28"><span class='ocrx_word' id='word_1_349' title='bbox 1917 1510 2100 1594; x_wconf 89' lang='lat' dir='ltr'><strong>pium</strong></span> <span class='ocrx_word' id='word_1_350' title='bbox 2125 1516 2263 1576; x_wconf 89' lang='lat' dir='ltr'><strong>erat</strong></span> <span class='ocrx_word' id='word_1_351' title='bbox 2288 1513 2640 1579; x_wconf 87' lang='lat' dir='ltr'><strong>secundum</strong></span> <span class='ocrx_word' id='word_1_352' title='bbox 2659 1515 2970 1596; x_wconf 83' lang='lat' dir='ltr'><strong>divinam,</strong></span> <span class='ocrx_word' id='word_1_353' title='bbox 3000 1522 3064 1582; x_wconf 90' lang='lat' dir='ltr'><strong>et</strong></span> <span class='ocrx_word' id='word_1_354' title='bbox 3087 1517 3470 1601; x_wconf 84' lang='lat' dir='ltr'><strong>loquebatur</strong></span> 
     </span>
     <span class='ocr_line' id='line_1_55' title="bbox 1918 1618 3469 1706; baseline 0.004 -25"><span class='ocrx_word' id='word_1_355' title='bbox 1918 1618 2274 1684; x_wconf 87' lang='lat' dir='ltr'><strong>secundum</strong></span> <span class='ocrx_word' id='word_1_356' title='bbox 2318 1620 2674 1686; x_wconf 88' lang='lat' dir='ltr'><strong>humanam</strong></span> <span class='ocrx_word' id='word_1_357' title='bbox 2714 1628 3012 1689; x_wconf 90' lang='lat' dir='ltr'><strong>naturam</strong></span> <span class='ocrx_word' id='word_1_358' title='bbox 3050 1645 3066 1690; x_wconf 73' lang='grc' dir='ltr'><strong>ε</strong></span> <span class='ocrx_word' id='word_1_359' title='bbox 3109 1641 3270 1706; x_wconf 83' lang='lat' dir='ltr'><strong>ergo</strong></span> <span class='ocrx_word' id='word_1_360' title='bbox 3309 1623 3469 1687; x_wconf 91' lang='lat' dir='ltr'><strong>unio</strong></span> 
     </span>
    </p>
   </div>
   <div class='ocr_carea' id='block_1_13' title="bbox 1918 1724 3472 1896">
    <p class='ocr_par' dir='ltr' id='par_1_13' title="bbox 1918 1724 3472 1896">
     <span class='ocr_line' id='line_1_56' title="bbox 1918 1724 3472 1813; baseline 0.006 -25"><span class='ocrx_word' id='word_1_361' title='bbox 1918 1724 2028 1789; x_wconf 90' lang='lat' dir='ltr'><strong>illa</strong></span> <span class='ocrx_word' id='word_1_362' title='bbox 2095 1725 2177 1791; x_wconf 89' lang='lat' dir='ltr'><strong>ad</strong></span> <span class='ocrx_word' id='word_1_363' title='bbox 2238 1724 2552 1793; x_wconf 85' lang='lat' dir='ltr'><strong>unitatem</strong></span> <span class='ocrx_word' id='word_1_364' title='bbox 2593 1730 2991 1813; x_wconf 87' lang='lat' dir='ltr'><strong>personalem</strong></span> <span class='ocrx_word' id='word_1_365' title='bbox 3035 1731 3293 1797; x_wconf 83' lang='lat' dir='ltr'><strong>videtur</strong></span> <span class='ocrx_word' id='word_1_366' title='bbox 3333 1747 3472 1796; x_wconf 81' lang='lat' dir='ltr'><strong>esse</strong></span> 
     </span>
     <span class='ocr_line' id='line_1_57' title="bbox 1919 1831 2281 1896; baseline 0.006 -2"><span class='ocrx_word' id='word_1_367' title='bbox 1919 1831 2281 1896; x_wconf 88' lang='lat' dir='ltr'><strong>terminata.</strong></span> 
     </span>
    </p>
   </div>
   <div class='ocr_carea' id='block_1_14' title="bbox 1922 1937 3485 3635">
    <p class='ocr_par' dir='ltr' id='par_1_14' title="bbox 1922 1937 3477 2436">
     <span class='ocr_line' id='line_1_58' title="bbox 2004 1937 3475 2010; baseline 0.006 -8"><span class='ocrx_word' id='word_1_368' title='bbox 2004 1937 2161 2002; x_wconf 86' lang='lat' dir='ltr'><strong>Item</strong></span> <span class='ocrx_word' id='word_1_369' title='bbox 2190 1938 2391 2005; x_wconf 88' lang='lat' dir='ltr'><strong>Filius</strong></span> <span class='ocrx_word' id='word_1_370' title='bbox 2420 1939 2526 2005; x_wconf 87' lang='lat' dir='ltr'><strong>Dei</strong></span> <span class='ocrx_word' id='word_1_371' title='bbox 2552 1946 2650 2006; x_wconf 82' lang='lat' dir='ltr'><strong>est</strong></span> <span class='ocrx_word' id='word_1_372' title='bbox 2682 1942 2904 2008; x_wconf 83' lang='lat' dir='ltr'><strong>unitus</strong></span> <span class='ocrx_word' id='word_1_373' title='bbox 2928 1944 3237 2009; x_wconf 64' lang='lat' dir='ltr'><strong>humanae</strong></span> <span class='ocrx_word' id='word_1_374' title='bbox 3275 1948 3475 2010; x_wconf 89' lang='lat' dir='ltr'><strong>natu-</strong></span> 
     </span>
     <span class='ocr_line' id='line_1_59' title="bbox 1922 2046 3476 2132; baseline 0.005 -23"><span class='ocrx_word' id='word_1_375' title='bbox 1922 2062 2014 2109; x_wconf 81' lang='lat' dir='ltr'><strong>rae</strong></span> <span class='ocrx_word' id='word_1_376' title='bbox 2044 2065 2062 2110; x_wconf 76' lang='lat' dir='ltr'><strong><em>z</em></strong></span> <span class='ocrx_word' id='word_1_377' title='bbox 2098 2046 2208 2112; x_wconf 89' lang='lat' dir='ltr'><strong>sed</strong></span> <span class='ocrx_word' id='word_1_378' title='bbox 2237 2046 2435 2113; x_wconf 80' lang='lat' dir='ltr'><strong>Filius</strong></span> <span class='ocrx_word' id='word_1_379' title='bbox 2461 2047 2572 2114; x_wconf 89' lang='lat' dir='ltr'><strong>Dei</strong></span> <span class='ocrx_word' id='word_1_380' title='bbox 2599 2067 2732 2114; x_wconf 90' lang='lat' dir='ltr'><strong>non</strong></span> <span class='ocrx_word' id='word_1_381' title='bbox 2767 2049 3194 2132; x_wconf 80' lang='lat' dir='ltr'><strong>distinguitur</strong></span> <span class='ocrx_word' id='word_1_382' title='bbox 3218 2068 3260 2115; x_wconf 89' lang='lat' dir='ltr'><strong>a</strong></span> <span class='ocrx_word' id='word_1_383' title='bbox 3287 2049 3476 2117; x_wconf 86' lang='lat' dir='ltr'><strong>Patre</strong></span> 
     </span>
     <span class='ocr_line' id='line_1_60' title="bbox 1922 2155 3477 2240; baseline 0.005 -22"><span class='ocrx_word' id='word_1_384' title='bbox 1922 2155 2047 2219; x_wconf 90' lang='lat' dir='ltr'><strong>nisi</strong></span> <span class='ocrx_word' id='word_1_385' title='bbox 2063 2156 2133 2220; x_wconf 92' lang='lat' dir='ltr'><strong>in</strong></span> <span class='ocrx_word' id='word_1_386' title='bbox 2163 2175 2436 2240; x_wconf 87' lang='lat' dir='ltr'><strong>persona</strong></span> <span class='ocrx_word' id='word_1_387' title='bbox 2467 2177 2667 2240; x_wconf 78' lang='lat' dir='ltr'><strong>:ergo</strong></span> <span class='ocrx_word' id='word_1_388' title='bbox 2689 2177 2944 2225; x_wconf 77' lang='lat' dir='ltr'><strong>neoesse</strong></span> <span class='ocrx_word' id='word_1_389' title='bbox 2971 2166 3066 2225; x_wconf 85' lang='lat' dir='ltr'><strong>est</strong></span> <span class='ocrx_word' id='word_1_390' title='bbox 3090 2159 3265 2225; x_wconf 84' lang='lat' dir='ltr'><strong>illam</strong></span> <span class='ocrx_word' id='word_1_391' title='bbox 3290 2161 3477 2226; x_wconf 90' lang='lat' dir='ltr'><strong>unio-</strong></span> 
     </span>
     <span class='ocr_line' id='line_1_61' title="bbox 1922 2262 3477 2351; baseline 0.004 -25"><span class='ocrx_word' id='word_1_392' title='bbox 1922 2281 2073 2326; x_wconf 90' lang='lat' dir='ltr'><strong>nem</strong></span> <span class='ocrx_word' id='word_1_393' title='bbox 2101 2262 2338 2330; x_wconf 89' lang='lat' dir='ltr'><strong>habere</strong></span> <span class='ocrx_word' id='word_1_394' title='bbox 2377 2284 2494 2349; x_wconf 91' lang='lat' dir='ltr'><strong>pro</strong></span> <span class='ocrx_word' id='word_1_395' title='bbox 2529 2266 2804 2332; x_wconf 87' lang='lat' dir='ltr'><strong>termino</strong></span> <span class='ocrx_word' id='word_1_396' title='bbox 2833 2266 3146 2333; x_wconf 86' lang='lat' dir='ltr'><strong>unitatem</strong></span> <span class='ocrx_word' id='word_1_397' title='bbox 3172 2286 3477 2351; x_wconf 87' lang='lat' dir='ltr'><strong>persona·</strong></span> 
     </span>
     <span class='ocr_line' id='line_1_62' title="bbox 1923 2369 2074 2436; baseline -0.007 -2"><span class='ocrx_word' id='word_1_398' title='bbox 1923 2369 2074 2436; x_wconf 89' lang='lat' dir='ltr'><strong>lem.</strong></span> 
     </span>
    </p>

    <p class='ocr_par' dir='ltr' id='par_1_15' title="bbox 1925 2478 3482 3209">
     <span class='ocr_line' id='line_1_63' title="bbox 2007 2478 3470 2565; baseline 0.004 -23"><span class='ocrx_word' id='word_1_399' title='bbox 2007 2478 2168 2543; x_wconf 85' lang='lat' dir='ltr'><strong>Item</strong></span> <span class='ocrx_word' id='word_1_400' title='bbox 2194 2480 2354 2545; x_wconf 91' lang='lat' dir='ltr'><strong>unio</strong></span> <span class='ocrx_word' id='word_1_401' title='bbox 2390 2484 2485 2546; x_wconf 85' lang='lat' dir='ltr'><strong>est</strong></span> <span class='ocrx_word' id='word_1_402' title='bbox 2523 2483 2628 2548; x_wconf 88' lang='lat' dir='ltr'><strong>via</strong></span> <span class='ocrx_word' id='word_1_403' title='bbox 2666 2482 2746 2548; x_wconf 89' lang='lat' dir='ltr'><strong>ad</strong></span> <span class='ocrx_word' id='word_1_404' title='bbox 2790 2482 3074 2565; x_wconf 91' lang='lat' dir='ltr'><strong>aliquam</strong></span> <span class='ocrx_word' id='word_1_405' title='bbox 3101 2482 3416 2547; x_wconf 87' lang='lat' dir='ltr'><strong>unitatem</strong></span> <span class='ocrx_word' id='word_1_406' title='bbox 3453 2505 3470 2549; x_wconf 72' lang='grc' dir='ltr'><strong><em>ε</em></strong></span> 
     </span>
     <span class='ocr_line' id='line_1_64' title="bbox 1925 2586 3477 2671; baseline 0.001 -21"><span class='ocrx_word' id='word_1_407' title='bbox 1925 2602 2087 2666; x_wconf 80' lang='lat' dir='ltr'><strong>ergo</strong></span> <span class='ocrx_word' id='word_1_408' title='bbox 2116 2586 2169 2649; x_wconf 86' lang='lat' dir='ltr'><strong>si</strong></span> <span class='ocrx_word' id='word_1_409' title='bbox 2200 2604 2332 2651; x_wconf 91' lang='lat' dir='ltr'><strong>non</strong></span> <span class='ocrx_word' id='word_1_410' title='bbox 2361 2587 2444 2651; x_wconf 89' lang='lat' dir='ltr'><strong>sit</strong></span> <span class='ocrx_word' id='word_1_411' title='bbox 2474 2588 2584 2652; x_wconf 85' lang='lat' dir='ltr'><strong>illa</strong></span> <span class='ocrx_word' id='word_1_412' title='bbox 2615 2590 2770 2653; x_wconf 87' lang='lat' dir='ltr'><strong>unio</strong></span> <span class='ocrx_word' id='word_1_413' title='bbox 2797 2590 3055 2669; x_wconf 74' lang='lat' dir='ltr'><strong>frustra,</strong></span> <span class='ocrx_word' id='word_1_414' title='bbox 3082 2588 3161 2653; x_wconf 89' lang='lat' dir='ltr'><strong>ad</strong></span> <span class='ocrx_word' id='word_1_415' title='bbox 3192 2587 3477 2671; x_wconf 90' lang='lat' dir='ltr'><strong>aliquam</strong></span> 
     </span>
     <span class='ocr_line' id='line_1_65' title="bbox 1927 2694 3478 2778; baseline 0.003 -21"><span class='ocrx_word' id='word_1_416' title='bbox 1927 2695 2239 2757; x_wconf 89' lang='lat' dir='ltr'><strong>unitatem</strong></span> <span class='ocrx_word' id='word_1_417' title='bbox 2303 2695 2598 2777; x_wconf 83' lang='lat' dir='ltr'><strong>pervenit</strong></span> <span class='ocrx_word' id='word_1_418' title='bbox 2641 2716 2658 2760; x_wconf 73' lang='grc' dir='ltr'>ε</span> <span class='ocrx_word' id='word_1_419' title='bbox 2706 2696 2815 2759; x_wconf 90' lang='lat' dir='ltr'><strong>sed</strong></span> <span class='ocrx_word' id='word_1_420' title='bbox 2862 2714 2996 2760; x_wconf 92' lang='lat' dir='ltr'><strong>non</strong></span> <span class='ocrx_word' id='word_1_421' title='bbox 3049 2694 3355 2778; x_wconf 85' lang='lat' dir='ltr'><strong>perduxit</strong></span> <span class='ocrx_word' id='word_1_422' title='bbox 3395 2696 3478 2761; x_wconf 88' lang='lat' dir='ltr'><strong>ad</strong></span> 
     </span>
     <span class='ocr_line' id='line_1_66' title="bbox 1927 2801 3480 2887; baseline 0.004 -24"><span class='ocrx_word' id='word_1_423' title='bbox 1927 2801 2239 2866; x_wconf 85' lang='lat' dir='ltr'><strong>unitatem</strong></span> <span class='ocrx_word' id='word_1_424' title='bbox 2292 2806 2543 2867; x_wconf 80' lang='lat' dir='ltr'><strong>naturae</strong></span> <span class='ocrx_word' id='word_1_425' title='bbox 2562 2851 2582 2883; x_wconf 91' lang='lat'>‚</span> <span class='ocrx_word' id='word_1_426' title='bbox 2630 2804 2784 2887; x_wconf 89' lang='lat' dir='ltr'><strong>quia</strong></span> <span class='ocrx_word' id='word_1_427' title='bbox 2827 2822 2946 2868; x_wconf 88' lang='lat' dir='ltr'><strong>nec</strong></span> <span class='ocrx_word' id='word_1_428' title='bbox 2982 2803 3199 2869; x_wconf 88' lang='lat' dir='ltr'><strong>divina</strong></span> <span class='ocrx_word' id='word_1_429' title='bbox 3245 2808 3480 2869; x_wconf 87' lang='lat' dir='ltr'><strong>natura</strong></span> 
     </span>
     <span class='ocr_line' id='line_1_67' title="bbox 1926 2908 3478 2990; baseline 0.004 -21"><span class='ocrx_word' id='word_1_430' title='bbox 1926 2910 2133 2988; x_wconf 88' lang='lat' dir='ltr'><strong>potest</strong></span> <span class='ocrx_word' id='word_1_431' title='bbox 2159 2908 2298 2972; x_wconf 81' lang='lat' dir='ltr'><strong>fleri</strong></span> <span class='ocrx_word' id='word_1_432' title='bbox 2326 2909 2639 2990; x_wconf 88' lang='lat' dir='ltr'><strong>humana,</strong></span> <span class='ocrx_word' id='word_1_433' title='bbox 2668 2927 2787 2974; x_wconf 91' lang='lat' dir='ltr'><strong>nec</strong></span> <span class='ocrx_word' id='word_1_434' title='bbox 2809 2929 2845 2975; x_wconf 91' lang='lat' dir='ltr'><strong>e</strong></span> <span class='ocrx_word' id='word_1_435' title='bbox 2872 2927 3220 2975; x_wconf 86' lang='lat' dir='ltr'><strong>converso:</strong></span> <span class='ocrx_word' id='word_1_436' title='bbox 3249 2927 3368 2975; x_wconf 90' lang='lat' dir='ltr'><strong>nec</strong></span> <span class='ocrx_word' id='word_1_437' title='bbox 3395 2928 3478 2975; x_wconf 88' lang='lat' dir='ltr'><strong>ex</strong></span> 
     </span>
     <span class='ocr_line' id='line_1_68' title="bbox 1927 3011 3482 3098; baseline 0.003 -21"><span class='ocrx_word' id='word_1_438' title='bbox 1927 3011 2029 3077; x_wconf 91' lang='lat' dir='ltr'><strong>his</strong></span> <span class='ocrx_word' id='word_1_439' title='bbox 2055 3018 2259 3096; x_wconf 87' lang='lat' dir='ltr'><strong>potest</strong></span> <span class='ocrx_word' id='word_1_440' title='bbox 2287 3014 2426 3080; x_wconf 86' lang='lat' dir='ltr'><strong>fleri</strong></span> <span class='ocrx_word' id='word_1_441' title='bbox 2455 3016 2640 3081; x_wconf 85' lang='lat' dir='ltr'><strong>tertia</strong></span> <span class='ocrx_word' id='word_1_442' title='bbox 2668 3034 2686 3080; x_wconf 73' lang='grc' dir='ltr'><strong><em>ε</em></strong></span> <span class='ocrx_word' id='word_1_443' title='bbox 2717 3033 2879 3097; x_wconf 82' lang='lat' dir='ltr'><strong>ergo</strong></span> <span class='ocrx_word' id='word_1_444' title='bbox 2905 3033 3157 3081; x_wconf 85' lang='lat' dir='ltr'><strong>necesse</strong></span> <span class='ocrx_word' id='word_1_445' title='bbox 3183 3020 3279 3079; x_wconf 88' lang='lat' dir='ltr'><strong>est</strong></span> <span class='ocrx_word' id='word_1_446' title='bbox 3307 3015 3482 3098; x_wconf 88' lang='lat' dir='ltr'><strong>quod</strong></span> 
     </span>
     <span class='ocr_line' id='line_1_69' title="bbox 1928 3121 3418 3209; baseline 0.003 -22"><span class='ocrx_word' id='word_1_447' title='bbox 1928 3121 2088 3196; x_wconf 89' lang='lat' dir='ltr'><strong>unio</strong></span> <span class='ocrx_word' id='word_1_448' title='bbox 2118 3122 2226 3187; x_wconf 89' lang='lat' dir='ltr'><strong>illa</strong></span> <span class='ocrx_word' id='word_1_449' title='bbox 2253 3125 2633 3191; x_wconf 84' lang='lat' dir='ltr'><strong>terminetur</strong></span> <span class='ocrx_word' id='word_1_450' title='bbox 2658 3125 2737 3189; x_wconf 87' lang='lat' dir='ltr'><strong>ad</strong></span> <span class='ocrx_word' id='word_1_451' title='bbox 2765 3124 3077 3191; x_wconf 84' lang='lat' dir='ltr'><strong>unitatem</strong></span> <span class='ocrx_word' id='word_1_452' title='bbox 3103 3142 3418 3209; x_wconf 82' lang='lat' dir='ltr'><strong>persouae.</strong></span> 
     </span>
    </p>

    <p class='ocr_par' dir='ltr' id='par_1_16' title="bbox 1929 3229 3485 3635">
     <span class='ocr_line' id='line_1_70' title="bbox 2011 3229 3482 3316; baseline 0.003 -21"><span class='ocrx_word' id='word_1_453' title='bbox 2011 3229 2204 3313; x_wconf 89' lang='lat' dir='ltr'><strong>ltem,</strong></span> <span class='ocrx_word' id='word_1_454' title='bbox 2231 3231 2491 3315; x_wconf 90' lang='lat' dir='ltr'><strong>quando</strong></span> <span class='ocrx_word' id='word_1_455' title='bbox 2515 3233 2732 3316; x_wconf 88' lang='lat' dir='ltr'><strong>aliqua</strong></span> <span class='ocrx_word' id='word_1_456' title='bbox 2770 3234 2900 3299; x_wconf 89' lang='lat' dir='ltr'><strong>duo</strong></span> <span class='ocrx_word' id='word_1_457' title='bbox 2927 3233 3246 3299; x_wconf 87' lang='lat' dir='ltr'><strong>uniuntur</strong></span> <span class='ocrx_word' id='word_1_458' title='bbox 3263 3281 3282 3311; x_wconf 90' lang='lat'>‚</span> <span class='ocrx_word' id='word_1_459' title='bbox 3313 3251 3482 3316; x_wconf 90' lang='lat' dir='ltr'><strong>quo-</strong></span> 
     </span>
     <span class='ocr_line' id='line_1_71' title="bbox 1930 3340 3485 3425; baseline 0.001 -21"><span class='ocrx_word' id='word_1_460' title='bbox 1930 3355 2083 3404; x_wconf 87' lang='lat' dir='ltr'><strong>rum</strong></span> <span class='ocrx_word' id='word_1_461' title='bbox 2118 3358 2327 3405; x_wconf 90' lang='lat' dir='ltr'><strong>unum</strong></span> <span class='ocrx_word' id='word_1_462' title='bbox 2356 3340 2859 3423; x_wconf 79' lang='lat' dir='ltr'><strong>praedominatur</strong></span> <span class='ocrx_word' id='word_1_463' title='bbox 2887 3340 3069 3407; x_wconf 82' lang='lat' dir='ltr'><strong>alteri</strong></span> <span class='ocrx_word' id='word_1_464' title='bbox 3084 3390 3103 3420; x_wconf 86' lang='lat'>‚</span> <span class='ocrx_word' id='word_1_465' title='bbox 3138 3340 3485 3425; x_wconf 70' lang='lat' dir='ltr'><strong>praedomi-</strong></span> 
     </span>
     <span class='ocr_line' id='line_1_72' title="bbox 1929 3447 3482 3531; baseline 0.001 -20"><span class='ocrx_word' id='word_1_466' title='bbox 1929 3463 2097 3511; x_wconf 89' lang='lat' dir='ltr'><strong>nans</strong></span> <span class='ocrx_word' id='word_1_467' title='bbox 2134 3447 2329 3512; x_wconf 86' lang='lat' dir='ltr'><strong>trahit</strong></span> <span class='ocrx_word' id='word_1_468' title='bbox 2364 3449 2444 3513; x_wconf 90' lang='lat' dir='ltr'><strong>ad</strong></span> <span class='ocrx_word' id='word_1_469' title='bbox 2488 3466 2556 3514; x_wconf 88' lang='lat' dir='ltr'><strong>se</strong></span> <span class='ocrx_word' id='word_1_470' title='bbox 2597 3449 2790 3529; x_wconf 87' lang='lat' dir='ltr'><strong>illud,</strong></span> <span class='ocrx_word' id='word_1_471' title='bbox 2821 3448 2927 3514; x_wconf 92' lang='lat' dir='ltr'><strong>cui</strong></span> <span class='ocrx_word' id='word_1_472' title='bbox 2960 3448 3482 3531; x_wconf 68' lang='lat' dir='ltr'><strong>praedominatur.</strong></span> 
     </span>
     <span class='ocr_line' id='line_1_73' title="bbox 1932 3552 3483 3635; baseline 0 -15"><span class='ocrx_word' id='word_1_473' title='bbox 1932 3552 2056 3620; x_wconf 90' lang='lat' dir='ltr'><strong>Sed</strong></span> <span class='ocrx_word' id='word_1_474' title='bbox 2088 3553 2200 3620; x_wconf 90' lang='lat' dir='ltr'><strong>Dei</strong></span> <span class='ocrx_word' id='word_1_475' title='bbox 2240 3555 2439 3620; x_wconf 86' lang='lat' dir='ltr'><strong>Filius</strong></span> <span class='ocrx_word' id='word_1_476' title='bbox 2475 3556 2695 3620; x_wconf 90' lang='lat' dir='ltr'><strong>unitus</strong></span> <span class='ocrx_word' id='word_1_477' title='bbox 2734 3559 2828 3620; x_wconf 87' lang='lat' dir='ltr'><strong>est</strong></span> <span class='ocrx_word' id='word_1_478' title='bbox 2860 3555 3166 3620; x_wconf 80' lang='lat' dir='ltr'><strong>humanae</strong></span> <span class='ocrx_word' id='word_1_479' title='bbox 3196 3559 3483 3635; x_wconf 61' lang='lat' dir='ltr'><strong>natura),</strong></span> 
     </span>
    </p>
   </div>
   <div class='ocr_carea' id='block_1_15' title="bbox 1842 3661 3490 3745">
    <p class='ocr_par' dir='ltr' id='par_1_17' title="bbox 1842 3661 3490 3745">
     <span class='ocr_line' id='line_1_74' title="bbox 1842 3661 3490 3745; baseline 0.001 -21"><span class='ocrx_word' id='word_1_480' title='bbox 1842 3728 1851 3739; x_wconf 64' lang='grc'><strong>,</strong></span> <span class='ocrx_word' id='word_1_481' title='bbox 1932 3661 2039 3725; x_wconf 89' lang='lat' dir='ltr'><strong>cui</strong></span> <span class='ocrx_word' id='word_1_482' title='bbox 2073 3679 2191 3744; x_wconf 88' lang='lat' dir='ltr'><strong>per</strong></span> <span class='ocrx_word' id='word_1_483' title='bbox 2234 3662 2455 3727; x_wconf 88' lang='lat' dir='ltr'><strong>omnia</strong></span> <span class='ocrx_word' id='word_1_484' title='bbox 2491 3662 2993 3745; x_wconf 83' lang='lat' dir='ltr'><strong>praedominatur</strong></span> <span class='ocrx_word' id='word_1_485' title='bbox 3026 3683 3042 3725; x_wconf 71' lang='grc' dir='ltr'>ε</span> <span class='ocrx_word' id='word_1_486' title='bbox 3092 3680 3252 3744; x_wconf 79' lang='lat' dir='ltr'><strong>ergo</strong></span> <span class='ocrx_word' id='word_1_487' title='bbox 3293 3662 3490 3726; x_wconf 88' lang='lat' dir='ltr'><strong>traxit</strong></span> 
     </span>
    </p>
   </div>
   <div class='ocr_carea' id='block_1_16' title="bbox 1933 3768 3501 5236">
    <p class='ocr_par' dir='ltr' id='par_1_18' title="bbox 1933 3768 3491 4159">
     <span class='ocr_line' id='line_1_75' title="bbox 1933 3768 3491 3855; baseline -0.001 -22"><span class='ocrx_word' id='word_1_488' title='bbox 1933 3786 2079 3833; x_wconf 88' lang='lat' dir='ltr'><strong>eam</strong></span> <span class='ocrx_word' id='word_1_489' title='bbox 2124 3768 2207 3834; x_wconf 89' lang='lat' dir='ltr'><strong>ad</strong></span> <span class='ocrx_word' id='word_1_490' title='bbox 2232 3770 2560 3855; x_wconf 87' lang='lat' dir='ltr'><strong>propriam</strong></span> <span class='ocrx_word' id='word_1_491' title='bbox 2591 3770 2903 3834; x_wconf 85' lang='lat' dir='ltr'><strong>unitatem</strong></span> <span class='ocrx_word' id='word_1_492' title='bbox 2935 3792 2950 3833; x_wconf 75' lang='grc' dir='ltr'>ε</span> <span class='ocrx_word' id='word_1_493' title='bbox 2982 3770 3094 3834; x_wconf 91' lang='lat' dir='ltr'><strong>sed</strong></span> <span class='ocrx_word' id='word_1_494' title='bbox 3136 3786 3267 3834; x_wconf 91' lang='lat' dir='ltr'><strong>non</strong></span> <span class='ocrx_word' id='word_1_495' title='bbox 3291 3768 3491 3833; x_wconf 84' lang='lat' dir='ltr'><strong>traxit</strong></span> 
     </span>
     <span class='ocr_line' id='line_1_76' title="bbox 1936 3876 3490 3961; baseline -0.001 -20"><span class='ocrx_word' id='word_1_496' title='bbox 1936 3895 2079 3941; x_wconf 87' lang='lat' dir='ltr'><strong>eam</strong></span> <span class='ocrx_word' id='word_1_497' title='bbox 2108 3877 2190 3942; x_wconf 82' lang='lat' dir='ltr'><strong>ad</strong></span> <span class='ocrx_word' id='word_1_498' title='bbox 2217 3877 2530 3943; x_wconf 87' lang='lat' dir='ltr'><strong>unitatem</strong></span> <span class='ocrx_word' id='word_1_499' title='bbox 2556 3876 2918 3943; x_wconf 85' lang='lat' dir='ltr'><strong>naturalem</strong></span> <span class='ocrx_word' id='word_1_500' title='bbox 2934 3926 2952 3956; x_wconf 91' lang='lat'>‚</span> <span class='ocrx_word' id='word_1_501' title='bbox 2985 3878 3149 3943; x_wconf 88' lang='lat' dir='ltr'><strong>sicut</strong></span> <span class='ocrx_word' id='word_1_502' title='bbox 3185 3877 3367 3961; x_wconf 89' lang='lat' dir='ltr'><strong>prius</strong></span> <span class='ocrx_word' id='word_1_503' title='bbox 3391 3893 3490 3940; x_wconf 85' lang='lat' dir='ltr'><strong>os-</strong></span> 
     </span>
     <span class='ocr_line' id='line_1_77' title="bbox 1935 3985 3487 4067; baseline 0 -19"><span class='ocrx_word' id='word_1_504' title='bbox 1935 3987 2195 4048; x_wconf 86' lang='lat' dir='ltr'><strong>tensum</strong></span> <span class='ocrx_word' id='word_1_505' title='bbox 2222 3989 2318 4050; x_wconf 88' lang='lat' dir='ltr'><strong>est</strong></span> <span class='ocrx_word' id='word_1_506' title='bbox 2350 4007 2367 4050; x_wconf 71' lang='grc' dir='ltr'><strong><em>ι</em></strong></span> <span class='ocrx_word' id='word_1_507' title='bbox 2401 4003 2560 4067; x_wconf 75' lang='lat' dir='ltr'><strong>ergo</strong></span> <span class='ocrx_word' id='word_1_508' title='bbox 2586 3985 2784 4050; x_wconf 75' lang='lat' dir='ltr'><strong>traxit</strong></span> <span class='ocrx_word' id='word_1_509' title='bbox 2812 3986 2891 4050; x_wconf 89' lang='lat' dir='ltr'><strong>ad</strong></span> <span class='ocrx_word' id='word_1_510' title='bbox 2924 3985 3240 4050; x_wconf 90' lang='lat' dir='ltr'><strong>unitatem</strong></span> <span class='ocrx_word' id='word_1_511' title='bbox 3267 4001 3487 4067; x_wconf 86' lang='lat' dir='ltr'><strong>perso-</strong></span> 
     </span>
     <span class='ocr_line' id='line_1_78' title="bbox 1937 4093 2173 4159; baseline 0.008 -2"><span class='ocrx_word' id='word_1_512' title='bbox 1937 4093 2173 4159; x_wconf 90' lang='lat' dir='ltr'><strong>nalem.</strong></span> 
     </span>
    </p>

    <p class='ocr_par' dir='ltr' id='par_1_19' title="bbox 1938 4201 3497 4714">
     <span class='ocr_line' id='line_1_79' title="bbox 2019 4201 3492 4282; baseline -0.003 -16"><span class='ocrx_word' id='word_1_513' title='bbox 2019 4201 2140 4266; x_wconf 90' lang='lat' dir='ltr'><strong>Sed</strong></span> <span class='ocrx_word' id='word_1_514' title='bbox 2174 4205 2439 4266; x_wconf 82' lang='lat' dir='ltr'><strong>contra:</strong></span> <span class='ocrx_word' id='word_1_515' title='bbox 2473 4206 2504 4266; x_wconf 77' lang='lat'><strong>1</strong></span> <span class='ocrx_word' id='word_1_516' title='bbox 2517 4248 2534 4266; x_wconf 94' lang='lat'><strong>.</strong></span> <span class='ocrx_word' id='word_1_517' title='bbox 2565 4201 2902 4266; x_wconf 81' lang='lat' dir='ltr'><strong>AEtemum</strong></span> <span class='ocrx_word' id='word_1_518' title='bbox 2942 4217 3075 4264; x_wconf 92' lang='lat' dir='ltr'><strong>non</strong></span> <span class='ocrx_word' id='word_1_519' title='bbox 3110 4201 3318 4282; x_wconf 84' lang='lat' dir='ltr'><strong>potest</strong></span> <span class='ocrx_word' id='word_1_520' title='bbox 3358 4214 3492 4262; x_wconf 86' lang='lat' dir='ltr'><strong>esse</strong></span> 
     </span>
     <span class='ocr_line' id='line_1_80' title="bbox 1938 4306 3494 4399; baseline -0.003 -25"><span class='ocrx_word' id='word_1_521' title='bbox 1938 4309 2257 4374; x_wconf 88' lang='lat' dir='ltr'><strong>terminus</strong></span> <span class='ocrx_word' id='word_1_522' title='bbox 2293 4309 2388 4373; x_wconf 90' lang='lat' dir='ltr'><strong>rei</strong></span> <span class='ocrx_word' id='word_1_523' title='bbox 2423 4307 2791 4391; x_wconf 83' lang='lat' dir='ltr'><strong>temporalis</strong></span> <span class='ocrx_word' id='word_1_524' title='bbox 2824 4330 2840 4372; x_wconf 77' lang='lat' dir='ltr'><strong><em>z</em></strong></span> <span class='ocrx_word' id='word_1_525' title='bbox 2871 4308 2983 4372; x_wconf 91' lang='lat' dir='ltr'><strong>sed</strong></span> <span class='ocrx_word' id='word_1_526' title='bbox 3017 4306 3230 4372; x_wconf 91' lang='lat' dir='ltr'><strong>unitas</strong></span> <span class='ocrx_word' id='word_1_527' title='bbox 3273 4322 3494 4399; x_wconf 75' lang='lat' dir='ltr'><strong>perso-</strong></span> 
     </span>
     <span class='ocr_line' id='line_1_81' title="bbox 1939 4410 3497 4494; baseline -0.002 -14"><span class='ocrx_word' id='word_1_528' title='bbox 1939 4417 2102 4481; x_wconf 86' lang='lat' dir='ltr'><strong>nalis</strong></span> <span class='ocrx_word' id='word_1_529' title='bbox 2161 4415 2304 4481; x_wconf 87' lang='lat' dir='ltr'><strong>Filii</strong></span> <span class='ocrx_word' id='word_1_530' title='bbox 2344 4415 2454 4480; x_wconf 89' lang='lat' dir='ltr'><strong>Dei</strong></span> <span class='ocrx_word' id='word_1_531' title='bbox 2497 4420 2594 4480; x_wconf 86' lang='lat' dir='ltr'><strong>est</strong></span> <span class='ocrx_word' id='word_1_532' title='bbox 2638 4421 2924 4494; x_wconf 66' lang='lat' dir='ltr'><strong>aeterna3</strong></span> <span class='ocrx_word' id='word_1_533' title='bbox 2969 4414 3128 4478; x_wconf 90' lang='lat' dir='ltr'><strong>unio</strong></span> <span class='ocrx_word' id='word_1_534' title='bbox 3169 4430 3327 4477; x_wconf 84' lang='lat' dir='ltr'><strong>vero</strong></span> <span class='ocrx_word' id='word_1_535' title='bbox 3375 4410 3497 4477; x_wconf 83' lang='lat' dir='ltr'><strong>ruit</strong></span> 
     </span>
     <span class='ocr_line' id='line_1_82' title="bbox 1939 4521 3497 4607; baseline -0.004 -18"><span class='ocrx_word' id='word_1_536' title='bbox 1939 4523 2308 4607; x_wconf 87' lang='lat' dir='ltr'><strong>temporalis</strong></span> <span class='ocrx_word' id='word_1_537' title='bbox 2338 4545 2355 4587; x_wconf 71' lang='grc' dir='ltr'><strong>ε</strong></span> <span class='ocrx_word' id='word_1_538' title='bbox 2386 4541 2544 4604; x_wconf 82' lang='lat' dir='ltr'><strong>ergo</strong></span> <span class='ocrx_word' id='word_1_539' title='bbox 2582 4523 2692 4587; x_wconf 85' lang='lat' dir='ltr'><strong>illa</strong></span> <span class='ocrx_word' id='word_1_540' title='bbox 2718 4521 2877 4587; x_wconf 90' lang='lat' dir='ltr'><strong>unio</strong></span> <span class='ocrx_word' id='word_1_541' title='bbox 2912 4538 3046 4586; x_wconf 92' lang='lat' dir='ltr'><strong>non</strong></span> <span class='ocrx_word' id='word_1_542' title='bbox 3086 4524 3333 4604; x_wconf 87' lang='lat' dir='ltr'><strong>poterat</strong></span> <span class='ocrx_word' id='word_1_543' title='bbox 3362 4524 3497 4584; x_wconf 88' lang='lat' dir='ltr'><strong>ter-</strong></span> 
     </span>
     <span class='ocr_line' id='line_1_83' title="bbox 1941 4629 3072 4714; baseline -0.004 -18"><span class='ocrx_word' id='word_1_544' title='bbox 1941 4632 2177 4696; x_wconf 87' lang='lat' dir='ltr'><strong>minari</strong></span> <span class='ocrx_word' id='word_1_545' title='bbox 2203 4630 2283 4695; x_wconf 88' lang='lat' dir='ltr'><strong>ad</strong></span> <span class='ocrx_word' id='word_1_546' title='bbox 2309 4631 2623 4696; x_wconf 87' lang='lat' dir='ltr'><strong>unitatem</strong></span> <span class='ocrx_word' id='word_1_547' title='bbox 2649 4629 3072 4714; x_wconf 86' lang='lat' dir='ltr'><strong>personalem.</strong></span> 
     </span>
    </p>

    <p class='ocr_par' dir='ltr' id='par_1_20' title="bbox 1941 4732 3501 5236">
     <span class='ocr_line' id='line_1_84' title="bbox 2022 4732 3494 4814; baseline -0.004 -10"><span class='ocrx_word' id='word_1_548' title='bbox 2022 4746 2085 4805; x_wconf 74' lang='lat'><strong>2.</strong></span> <span class='ocrx_word' id='word_1_549' title='bbox 2120 4739 2279 4804; x_wconf 90' lang='lat' dir='ltr'><strong>Item</strong></span> <span class='ocrx_word' id='word_1_550' title='bbox 2306 4738 2468 4803; x_wconf 86' lang='lat' dir='ltr'><strong>nihil</strong></span> <span class='ocrx_word' id='word_1_551' title='bbox 2500 4756 2711 4803; x_wconf 88' lang='lat' dir='ltr'><strong>unum</strong></span> <span class='ocrx_word' id='word_1_552' title='bbox 2752 4742 2817 4802; x_wconf 90' lang='lat' dir='ltr'><strong>et</strong></span> <span class='ocrx_word' id='word_1_553' title='bbox 2840 4737 3011 4801; x_wconf 90' lang='lat' dir='ltr'><strong>idem</strong></span> <span class='ocrx_word' id='word_1_554' title='bbox 3041 4738 3136 4800; x_wconf 88' lang='lat' dir='ltr'><strong>est</strong></span> <span class='ocrx_word' id='word_1_555' title='bbox 3165 4732 3454 4799; x_wconf 91' lang='lat' dir='ltr'><strong>medium</strong></span> <span class='ocrx_word' id='word_1_556' title='bbox 3471 4781 3494 4814; x_wconf 89' lang='lat'><strong><em>,</em></strong></span> 
     </span>
     <span class='ocr_line' id='line_1_85' title="bbox 1941 4840 3493 4926; baseline -0.004 -14"><span class='ocrx_word' id='word_1_557' title='bbox 1941 4851 2006 4913; x_wconf 88' lang='lat' dir='ltr'><strong>et</strong></span> <span class='ocrx_word' id='word_1_558' title='bbox 2032 4850 2420 4926; x_wconf 85' lang='lat' dir='ltr'><strong>extremum,</strong></span> <span class='ocrx_word' id='word_1_559' title='bbox 2442 4850 2508 4910; x_wconf 89' lang='lat' dir='ltr'><strong>et</strong></span> <span class='ocrx_word' id='word_1_560' title='bbox 2528 4845 2845 4910; x_wconf 89' lang='lat' dir='ltr'><strong>terminus</strong></span> <span class='ocrx_word' id='word_1_561' title='bbox 2871 4844 2942 4907; x_wconf 93' lang='lat' dir='ltr'><strong>in</strong></span> <span class='ocrx_word' id='word_1_562' title='bbox 2970 4842 3188 4908; x_wconf 87' lang='lat' dir='ltr'><strong>eadem</strong></span> <span class='ocrx_word' id='word_1_563' title='bbox 3210 4840 3493 4906; x_wconf 85' lang='lat' dir='ltr'><strong>actione:</strong></span> 
     </span>
     <span class='ocr_line' id='line_1_86' title="bbox 1942 4948 3499 5037; baseline -0.004 -17"><span class='ocrx_word' id='word_1_564' title='bbox 1942 4954 2053 5020; x_wconf 89' lang='lat' dir='ltr'><strong>sed</strong></span> <span class='ocrx_word' id='word_1_565' title='bbox 2077 4972 2367 5037; x_wconf 85' lang='lat' dir='ltr'><strong>personae</strong></span> <span class='ocrx_word' id='word_1_566' title='bbox 2395 4954 2609 5017; x_wconf 88' lang='lat' dir='ltr'><strong>unitas</strong></span> <span class='ocrx_word' id='word_1_567' title='bbox 2645 4953 2716 5015; x_wconf 91' lang='lat' dir='ltr'><strong>in</strong></span> <span class='ocrx_word' id='word_1_568' title='bbox 2751 4951 2860 5015; x_wconf 87' lang='lat' dir='ltr'><strong>illa</strong></span> <span class='ocrx_word' id='word_1_569' title='bbox 2886 4951 3130 5015; x_wconf 92' lang='lat' dir='ltr'><strong>unione</strong></span> <span class='ocrx_word' id='word_1_570' title='bbox 3165 4948 3358 5013; x_wconf 88' lang='lat' dir='ltr'><strong>hahet</strong></span> <span class='ocrx_word' id='word_1_571' title='bbox 3386 4966 3499 5014; x_wconf 87' lang='lat' dir='ltr'><strong>ra·-</strong></span> 
     </span>
     <span class='ocr_line' id='line_1_87' title="bbox 1944 5055 3501 5141; baseline -0.002 -15"><span class='ocrx_word' id='word_1_572' title='bbox 1944 5064 2185 5128; x_wconf 91' lang='lat' dir='ltr'><strong>tionem</strong></span> <span class='ocrx_word' id='word_1_573' title='bbox 2212 5061 2483 5126; x_wconf 84' lang='lat' dir='ltr'><strong>extremi</strong></span> <span class='ocrx_word' id='word_1_574' title='bbox 2515 5082 2532 5125; x_wconf 72' lang='grc' dir='ltr'>ι</span> <span class='ocrx_word' id='word_1_575' title='bbox 2562 5076 2726 5141; x_wconf 77' lang='lat' dir='ltr'><strong>ergo</strong></span> <span class='ocrx_word' id='word_1_576' title='bbox 2751 5077 2883 5123; x_wconf 90' lang='lat' dir='ltr'><strong>nou</strong></span> <span class='ocrx_word' id='word_1_577' title='bbox 2909 5057 3166 5125; x_wconf 85' lang='lat' dir='ltr'><strong>videtur</strong></span> <span class='ocrx_word' id='word_1_578' title='bbox 3192 5055 3364 5141; x_wconf 88' lang='lat' dir='ltr'><strong>quod</strong></span> <span class='ocrx_word' id='word_1_579' title='bbox 3388 5055 3501 5123; x_wconf 85' lang='lat' dir='ltr'><strong>ha·</strong></span> 
     </span>
     <span class='ocr_line' id='line_1_88' title="bbox 1945 5166 2742 5236; baseline -0.006 0"><span class='ocrx_word' id='word_1_580' title='bbox 1945 5172 2095 5236; x_wconf 90' lang='lat' dir='ltr'><strong>beat</strong></span> <span class='ocrx_word' id='word_1_581' title='bbox 2117 5169 2430 5235; x_wconf 87' lang='lat' dir='ltr'><strong>rationem</strong></span> <span class='ocrx_word' id='word_1_582' title='bbox 2460 5166 2742 5232; x_wconf 90' lang='lat' dir='ltr'><strong>termini.</strong></span> 
     </span>
    </p>
   </div>
   <div class='ocr_carea' id='block_1_17' title="bbox 1946 5353 3497 5572">
    <p class='ocr_par' dir='ltr' id='par_1_21' title="bbox 1946 5353 3497 5572">
     <span class='ocr_line' id='line_1_89' title="bbox 1946 5353 3494 5427; baseline -0.009 -13"><span class='ocrx_word' id='word_1_583' title='bbox 1946 5363 2064 5414; x_wconf 86' lang='lat' dir='ltr'><strong>dist.</strong></span> <span class='ocrx_word' id='word_1_584' title='bbox 2088 5374 2163 5424; x_wconf 78' lang='lat' dir='ltr'><strong>vl,</strong></span> <span class='ocrx_word' id='word_1_585' title='bbox 2178 5375 2230 5427; x_wconf 86' lang='lat' dir='ltr'><strong>q.</strong></span> <span class='ocrx_word' id='word_1_586' title='bbox 2251 5372 2321 5424; x_wconf 77' lang='lat'><strong>113</strong></span> <span class='ocrx_word' id='word_1_587' title='bbox 2344 5359 2644 5414; x_wconf 70' lang='lat' dir='ltr'><strong>aichardus,</strong></span> <span class='ocrx_word' id='word_1_588' title='bbox 2662 5357 2727 5406; x_wconf 87' lang='grc' dir='ltr'><strong>ΙΙΙ</strong></span> <span class='ocrx_word' id='word_1_589' title='bbox 2754 5355 2916 5406; x_wconf 74' lang='lat' dir='ltr'><strong>Sene..</strong></span> <span class='ocrx_word' id='word_1_590' title='bbox 2936 5354 3054 5405; x_wconf 84' lang='lat' dir='ltr'><strong>dist.</strong></span> <span class='ocrx_word' id='word_1_591' title='bbox 3080 5364 3151 5411; x_wconf 79' lang='lat' dir='ltr'><strong>vt,</strong></span> <span class='ocrx_word' id='word_1_592' title='bbox 3173 5366 3227 5416; x_wconf 87' lang='lat' dir='ltr'><strong>q.</strong></span> <span class='ocrx_word' id='word_1_593' title='bbox 3252 5362 3293 5420; x_wconf 68' lang='lat'><strong>1,</strong></span> <span class='ocrx_word' id='word_1_594' title='bbox 3309 5353 3407 5401; x_wconf 79' lang='lat' dir='ltr'><strong>art.</strong></span> <span class='ocrx_word' id='word_1_595' title='bbox 3431 5353 3494 5414; x_wconf 74' lang='lat'><strong>25</strong></span> 
     </span>
     <span class='ocr_line' id='line_1_90' title="bbox 1946 5423 3497 5499; baseline -0.008 -15"><span class='ocrx_word' id='word_1_596' title='bbox 1946 5433 2192 5499; x_wconf 72' lang='lat' dir='ltr'><strong>stephan.</strong></span> <span class='ocrx_word' id='word_1_597' title='bbox 2239 5430 2448 5494; x_wconf 56' lang='lat' dir='ltr'><strong>Brulet„</strong></span> <span class='ocrx_word' id='word_1_598' title='bbox 2489 5432 2551 5480; x_wconf 76' lang='grc' dir='ltr'><strong>ΙΙΙ</strong></span> <span class='ocrx_word' id='word_1_599' title='bbox 2584 5429 2742 5488; x_wconf 71' lang='lat' dir='ltr'><strong>Sem„</strong></span> <span class='ocrx_word' id='word_1_600' title='bbox 2773 5426 2891 5477; x_wconf 84' lang='lat' dir='ltr'><strong>dist.</strong></span> <span class='ocrx_word' id='word_1_601' title='bbox 2921 5437 2995 5488; x_wconf 75' lang='lat' dir='ltr'><strong>vr,</strong></span> <span class='ocrx_word' id='word_1_602' title='bbox 3019 5438 3071 5490; x_wconf 87' lang='lat' dir='ltr'><strong>q.</strong></span> <span class='ocrx_word' id='word_1_603' title='bbox 3110 5436 3178 5473; x_wconf 73' lang='lat' dir='ltr'><strong>lv.</strong></span> <span class='ocrx_word' id='word_1_604' title='bbox 3207 5447 3262 5460; x_wconf 91' lang='lat'><em>-</em></span> <span class='ocrx_word' id='word_1_605' title='bbox 3287 5423 3311 5455; x_wconf 80' lang='lat'><strong>¹</strong></span> <span class='ocrx_word' id='word_1_606' title='bbox 3330 5423 3497 5486; x_wconf 59' lang='lat' dir='ltr'><strong>loon„</strong></span> 
     </span>
     <span class='ocr_line' id='line_1_91' title="bbox 1950 5509 2178 5572; baseline -0.009 -14"><span class='ocrx_word' id='word_1_607' title='bbox 1950 5520 2066 5572; x_wconf 80' lang='lat' dir='ltr'><strong>vm,</strong></span> <span class='ocrx_word' id='word_1_608' title='bbox 2097 5509 2178 5557; x_wconf 75' lang='lat'><strong>25.</strong></span> 
     </span>
    </p>
   </div>
   <div class='ocr_carea' id='block_1_18' title="bbox 3529 4209 3715 4265">
    <p class='ocr_par' dir='ltr' id='par_1_22' title="bbox 3529 4209 3715 4265">
     <span class='ocr_line' id='line_1_92' title="bbox 3529 4209 3715 4265; baseline -0.032 -11"><span class='ocrx_word' id='word_1_609' title='bbox 3529 4209 3590 4254; x_wconf 70' lang='lat' dir='ltr'><strong>Ad</strong></span> <span class='ocrx_word' id='word_1_610' title='bbox 3611 4220 3715 4265; x_wconf 77' lang='lat' dir='ltr'><strong>opp.</strong></span> 
     </span>
    </p>
   </div>
  </div>
 </body>
</html>
