4185 6288
765 514 888 577 108

767 645 1116 727 quitatibus
1140 644 1436 727 dirigunt
1461 661 1579 708 nos
1605 644 1676 707 in
1699 641 1989 708 veritatis
2010 642 2206 706 viam.
2233 639 2313 704 Et

770 758 1100 838 propterea
1140 754 1369 819 melius
1412 753 1643 817 sentire
1699 752 2003 818 videntur
2047 750 2165 833 qui
2214 748 2314 814 di-

769 866 923 926 cunt
972 861 1254 925 medium
1271 907 1290 937 ,
1334 859 1630 925 videlicet
1672 860 1848 942 quod
1887 860 2071 923 beata
2109 856 2314 937 Virgo

770 1098 966 1162 quam
984 1080 1449 1144 administraret
1468 1078 1804 1143 materiam
1821 1077 1914 1141 illi
1938 1077 2273 1159 conceptui
2293 1095 2310 1140 ε

771 1186 1140 1264 materiam,
1171 1186 1438 1268 inquam
1457 1233 1475 1264 ,
1504 1203 1651 1267 quae
1678 1202 1812 1248 non
1846 1184 2057 1248 solum
2087 1182 2318 1246 habuit

769 1294 1085 1358 rationem
1129 1274 1445 1369 materiae,
1492 1292 1627 1357 sive
1671 1290 1971 1375 potentiae
2009 1289 2313 1372 passivae,

770 1401 880 1465 sed
910 1401 1103 1465 etiam
1130 1399 1575 1465 sufficientiam
1599 1401 1663 1463 et
1687 1398 1996 1464 virtutem
2023 1397 2104 1461 ad
2123 1397 2319 1481 prolis

768 1508 1278 1592 productionem.
1312 1505 1425 1570 Illa
1451 1510 1669 1570 tamen
1706 1505 1914 1571 virtus
1943 1524 2060 1587 per
2088 1524 2159 1569 se
2183 1524 2317 1570 non

768 1619 1016 1699 poterat
1035 1614 1290 1698 prodire
1309 1613 1391 1678 ad
1411 1613 1762 1696 perfectum
1787 1617 2027 1692 actum,
2049 1613 2175 1676 nisi
2203 1630 2320 1696 per

769 1722 1233 1787 successionem
1260 1720 1332 1785 in
1361 1725 1643 1803 tempore
1670 1742 1688 1784 ι
1719 1719 1826 1783 sed
1852 1720 2161 1803 quoniam
2187 1739 2320 1785 non

769 1831 1031 1896 decebat
1056 1848 1312 1894 carnem
1353 1827 1581 1893 Christi
1617 1828 1881 1892 formari
1923 1827 2315 1909 successive,

768 1937 935 2001 sicut
974 1937 1045 2000 in
1085 1936 1594 2020 praecedentibus
1631 1937 1960 1999 ostensum
2000 1938 2130 2014 est,
2177 1934 2320 1999 ideo

769 2044 1048 2126 Spiritus
1094 2048 1352 2108 sanctus
1392 2062 1525 2123 ‘sua
1580 2041 1833 2106 infinita
1881 2042 2119 2106 virtute
2164 2061 2318 2124 per-

770 2153 957 2217 duxit
989 2152 1166 2216 illam
1225 2151 1559 2216 materiam
1625 2150 1705 2214 ad
1772 2154 1988 2214 actum
2032 2150 2316 2233 comple-

768 2263 910 2324 tum
944 2281 959 2324 :
986 2263 1051 2323 et
1074 2278 1189 2343 per
1215 2259 1337 2323 hoc
1366 2258 1435 2321 in
1463 2257 1642 2322 nullo
1657 2255 1914 2339 Virgini
1939 2257 2320 2339 derogatur,

769 2368 824 2431 si
850 2367 1018 2432 Deus
1039 2386 1159 2432 sua
1186 2367 1426 2432 virtute
1455 2367 1851 2446 acceleravit,
1883 2368 2057 2447 quod
2084 2367 2155 2431 in
2181 2367 2322 2432 aliis

773 2476 1154 2541 mulieribus
1181 2475 1533 2540 successive
1559 2474 1851 2558 perducit
1874 2474 1953 2539 ad
1988 2493 2147 2539 esse.
2178 2473 2322 2540 Non

770 2584 946 2649 enim
972 2584 1095 2649 ruit
1124 2584 1337 2648 minor
1369 2575 1653 2666 potentia
1679 2583 1752 2646 in
1776 2581 2044 2663 Virgine
2069 2631 2087 2660 ,
2124 2602 2322 2665 quam

770 2691 841 2755 in
898 2691 1024 2756 alia
1081 2689 1389 2767 muliere;
1430 2690 1562 2754 imo
1610 2690 1813 2755 multo
1871 2691 2119 2772 major,
2169 2691 2325 2773 quia

771 2798 1123 2882 potentiam
1149 2797 1511 2862 naturalem
1540 2802 1604 2862 et
1626 2798 2184 2881 supernaturalem
2209 2799 2324 2862 ha-

773 2908 940 2986 buit,
971 2925 1100 2989 qua
1136 2905 1621 2970 subministrare
1661 2910 1909 2989 poterat
1951 2906 2318 2986 materiam,

771 3016 837 3078 et
877 3014 1018 3096 ipsa
1060 3012 1197 3077 sola
1239 3012 1435 3089 adeo,
1479 3013 1640 3076 sicut
1681 3012 1916 3076 mulier
1959 3012 2101 3077 viro
2147 3031 2325 3077 com-

772 3121 980 3186 mixta
1011 3140 1028 3185 :
1061 3119 1231 3185 unde
1256 3123 1390 3185 tota
1433 3119 1787 3185 substantia
1824 3118 2053 3185 Christi
2098 3120 2219 3185 fuit
2244 3122 2323 3186 de

772 3233 978 3293 matre
1013 3245 1153 3292 sua.
1197 3227 1275 3292 Et
1303 3227 1447 3291 ideo
1490 3227 1545 3290 si
1591 3226 1865 3291 velimus
1892 3227 2128 3291 sentire
2155 3232 2323 3292 recte

772 3339 838 3400 et
898 3335 1110 3418 loqui,
1163 3335 1399 3399 veriori
1461 3334 1652 3399 modo
1694 3334 1817 3398 11111
1873 3333 2072 3424 Virgo
2119 3341 2325 3400 mater

772 3442 1025 3522 Christi,
1051 3460 1249 3524 quam
1277 3443 1359 3505 sit
1384 3442 1600 3524 aliqua
1624 3445 1828 3505 mater
1853 3441 1974 3505 filii
1999 3442 2124 3506 sui.
2145 3442 2323 3507 Unde

769 3558 835 3617 et
875 3570 989 3636 per
1016 3551 1196 3616 illam
1235 3551 1544 3616 virtutem
1587 3551 1799 3634 ipsum
1836 3551 1907 3615 in
1946 3555 2168 3616 ventre
2209 3571 2325 3635 per

769 3677 1008 3725 novem
1053 3676 1304 3723 menses
1350 3658 1653 3723 confovit.
1698 3658 1777 3723 Et
1813 3659 1902 3722 sic
1938 3664 2112 3742 patet
2153 3661 2323 3742 quod

768 3768 962 3849 virgo
983 3766 1181 3831 Maria
1207 3766 1426 3849 aliquo
1446 3767 1636 3831 modo
1665 3768 1784 3831 fuit
1813 3767 1883 3830 in
1911 3767 2324 3850 conceptione

772 3872 916 3938 Filii
981 3877 1348 3957 cooperata,
1414 3874 1708 3938 videlicet
1777 3874 2323 3940 subministrando

769 3979 1193 4046 sufficientem
1233 3980 1567 4045 materiam
1614 3981 1841 4046 virtu'ti
1881 3982 2111 4047 activae
2124 4031 2143 4062 ,
2174 4001 2324 4066 quae

770 4092 987 4152 tamen
1025 4105 1222 4171 supra
1259 4106 1453 4151 suum
1483 4106 1665 4170 posse
1692 4089 2040 4154 accelerata
2063 4091 2218 4169 fuit,
2260 4094 2326 4156 et

770 4195 852 4258 ad
902 4194 1446 4279 complementum
1496 4194 1801 4278 perducta
1853 4213 1967 4278 per
2015 4196 2322 4262 virtutem

772 4301 1116 4366 infinitam.
1151 4301 1229 4366 Et
1272 4302 1343 4365 in
1384 4303 1507 4366 hoc
1551 4305 1856 4366 consonat
1890 4319 2070 4366 sacra
2110 4301 2326 4388 Scrip-

771 4413 919 4475 tura
936 4458 956 4491 ,
1007 4428 1155 4493 quae
1201 4410 1389 4474 modo
1431 4410 1581 4474 dicit
1622 4410 1946 4476 Christum
1977 4415 2206 4476 natum
2245 4413 2324 4478 de

772 4517 1062 4602 Virgine,
1094 4519 1286 4584 modo
1313 4519 1464 4584 dicit
1489 4520 1749 4584 factum.
1786 4519 2103 4586 Consonat
2128 4523 2324 4587 etiam

772 4627 1048 4691 verbum
1073 4626 1469 4706 Damasceni,
1500 4628 1611 4711 qui
1639 4627 1983 4711 dicitquod
2012 4631 2324 4697 virtutem

771 4733 1002 4798 habuit
1035 4732 1228 4799 Verbi
1263 4735 1691 4818 susceptivam
1725 4740 1790 4799 et
1828 4737 2271 4817 generativam
2302 4762 2318 4804 :

773 4842 1250 4923 generativam,
1281 4844 1433 4926 quia
1473 4843 1682 4927 potuit
1714 4845 2134 4910 seminarium
2180 4866 2322 4912 cor-

771 4949 913 5030 pori
942 4949 1168 5015 Christi
1192 4950 1554 5016 ministrare
1572 4970 1686 5035 per
1705 4952 2019 5017 virtutem
2037 4954 2160 5017 sibi
2190 4954 2324 5020 col-

772 5054 968 5119 latam
1017 5057 1240 5123 divino
1287 5076 1597 5138 munere;
1651 5060 2079 5142 susceptivam
2124 5079 2280 5126 vero
2302 5109 2320 5142 ,

773 5162 931 5244 quia
966 5163 1179 5229 solum
1206 5165 1319 5229 Dei
1359 5164 1642 5232 Verbum
1673 5167 1878 5250 potuit
1920 5187 2182 5234 carnem
2221 5188 2326 5235 as-

771 5273 1102 5353 sumptam
1129 5273 1198 5336 in
1224 5272 1486 5339 instanti
1517 5275 1791 5341 formare
1811 5323 1829 5356 ,
1859 5277 2033 5359 quod
2061 5278 2326 5360 quidem

773 5375 1062 5442 Verbum
1090 5386 1456 5464 susceptum
1496 5388 1590 5447 est
1624 5402 1664 5447 a
1702 5383 1990 5464 Virgine.
2024 5383 2326 5453 Rationes

775 5502 939 5568 ergo
992 5487 1392 5557 ostendentes
1441 5489 1511 5555 in
1565 5488 1714 5557 Filii
1758 5490 1868 5557 Dei
1916 5494 2328 5575 conceptione

1857 501 2507 573 SENTENTIARUM.
2553 502 2706 568 LIB.
2752 502 2860 569 111.

2422 637 2760 721 Virginem
2800 639 3018 722 aliquo
3062 641 3253 706 modo
3295 648 3695 727 cooperatam
3737 650 3955 721 tuisse,

2421 752 2574 813 sunt
2603 748 3047 815 concedendae.

2507 863 2567 921 1.
2607 857 2705 922 Ad
2732 857 2892 921 illud
2918 875 3074 921 vero
3096 859 3269 940 quod
3294 860 3596 942 oincitur
3624 864 3701 928 de
3728 864 3955 949 Glossa,

2416 968 2557 1048 jam
2589 969 2760 1047 patet
2787 966 3135 1050 responsio.
3159 965 3314 1032 Haec
3335 968 3509 1032 enim
3539 989 3669 1035 non
3696 974 3963 1041 excludit

2424 1092 2647 1138 veram
2709 1074 3056 1157 potentiam
3103 1076 3543 1156 generativam
3600 1098 3640 1143 a
3681 1079 3953 1164 Virgine,

2423 1179 2532 1243 sed
2563 1180 2742 1261 ponit
2768 1180 2858 1243 ibi
2899 1180 3182 1263 aliquam
3214 1181 3349 1246 vim
3389 1202 3526 1249 esse
3560 1204 3753 1270 supra
3789 1193 3963 1253 natu-

2423 1268 2598 1366 ram,
2628 1306 2745 1351 seu
2772 1306 2968 1370 supra
2996 1288 3130 1352 vim
3161 1292 3432 1355 naturae.
3474 1289 3651 1358 Unde
3689 1300 3963 1360 removet

2423 1394 2548 1459 viri
2576 1394 2840 1458 seminis
2867 1394 3431 1478 commixtionem,
3414 1417 3429 1431 ·
3475 1403 3539 1463 et
3577 1400 3719 1465 ideo
3758 1402 3844 1465 sic
3868 1403 3963 1465 di-

2425 1505 2597 1568 citur
2617 1503 2843 1582 factuS,
2875 1503 3048 1585 quod
3074 1504 3497 1571 nihilominus
3511 1507 3744 1572 dicitur
3761 1515 3958 1575 natus.

2427 1611 2505 1675 Et
2531 1615 2629 1675 est
2654 1611 2882 1690 simile,
2911 1612 2964 1674 si
2995 1610 3162 1676 Deus
3189 1612 3302 1675 uni
3331 1613 3538 1695 virgae
3568 1614 3763 1679 aridae
3797 1617 3963 1682 daret
3987 1618 4130 1737 lngus

2427 1718 2563 1781 vim
2585 1717 3016 1798 germinandi,
3041 1737 3239 1802 quam
3264 1719 3458 1784 habet
3483 1740 3615 1786 una
3636 1723 3882 1804 viridiS,
3907 1694 4012 1789 01

2426 1829 2660 1908 praeter
2681 1824 2803 1889 hoc
2833 1826 3107 1890 faceret
3088 1845 3295 1910 ipsam
3320 1827 3392 1890 in
3419 1828 3684 1894 instanti
3710 1832 3966 1895 fructifi-

2427 1951 2596 2011 care,
2625 1934 2814 2015 virga
2852 1933 2961 1998 illa
3005 1934 3319 1999 diceretur
3347 1936 3629 2001 tructum
3674 1939 3885 2004 fecisse
3911 1944 3969 2005 et
4091 1914 4101 1926 ⁰

2426 2041 2714 2106 attulisse
2755 2064 2770 2106 :
2811 2046 2875 2106 et
2912 2042 3335 2109 nihilominus
3368 2045 3613 2110 tructus
3660 2046 3766 2111 ille
3806 2049 3965 2114 dice-

2428 2151 2606 2212 retur
2647 2166 2784 2212 esse
2829 2149 3032 2214 factus
3073 2168 3156 2214 ex
3200 2150 3309 2215 illa
3370 2153 3582 2235 virga,
3662 2155 3752 2219 ita
3807 2157 3967 2239 quod

2429 2255 2624 2321 simul
2646 2256 2962 2321 diceretur
2985 2258 3188 2322 factus
3212 2264 3276 2324 et
3294 2263 3475 2325 ortus
3498 2285 3513 2325 :
3537 2262 3634 2326 sic
3654 2270 3718 2328 et
3740 2264 3809 2327 in
3831 2283 3967 2348 pro-

2428 2364 2635 2446 posito
2660 2367 2757 2427 est
2787 2364 3298 2446 intelligendum,
3327 2367 3472 2431 talis
3501 2369 3679 2434 enim
3711 2389 3966 2454 [1110005-

2429 2472 2511 2535 sit
2539 2474 2753 2554 figura
2770 2472 2972 2554 huJus
2990 2476 3417 2558 conceptionis
3437 2478 3507 2543 in
3529 2479 3726 2562 virga
3741 2481 3964 2547 Aaron.

2511 2584 2572 2644 2.
2601 2580 2698 2644 Ad
2726 2581 2881 2646 illud
2910 2582 3084 2663 quod
3104 2585 3454 2667 opponitur
3471 2586 3549 2650 de
3572 2587 3964 2670 DamascenO,

2429 2688 2603 2770 quod
2634 2707 2893 2753 carnem
2922 2689 3098 2754 illam
3131 2691 3278 2755 fecit
3310 2710 3533 2757 creans
3552 2742 3571 2773 ,
3610 2713 3744 2760 non
3781 2698 3968 2762 semi-

2430 2814 2615 2876 nans,
2651 2796 2990 2862 dicendum
3017 2798 3211 2881 quod,
3246 2800 3410 2864 sicut
3437 2820 3553 2885 per
3575 2807 3790 2869 actum
3812 2823 3971 2869 crea·

2430 2905 2623 2969 tionis
2648 2923 2782 2969 non
2810 2907 3078 2970 intendit
3098 2905 3307 2971 dicere
3330 2909 3500 2990 quod
3521 2929 3672 2975 caro
3690 2911 3796 2976 illa
3820 2913 3972 2977 facta

2430 3012 2623 3077 fuerit
2650 3032 2734 3076 ex
2768 3013 3005 3090 nihilo,
3046 3014 3152 3078 sed
3195 3015 3369 3097 quod
3406 3016 3487 3080 ad
3532 3019 3972 3100 perfectionem

2432 3119 2699 3186 deducta
2721 3125 2815 3186 est
2840 3140 2954 3205 per
2979 3121 3285 3188 virtutem
3303 3123 3658 3208 infinitam3
3688 3127 3777 3193 sic
3793 3130 3970 3193 etiam

2431 3248 2547 3311 per
2564 3229 2709 3308 hoc,
2731 3231 2902 3312 quod
2919 3229 3069 3294 dicit
3087 3247 3219 3297 non
3235 3234 3595 3312 seminans,
3620 3254 3756 3300 non
3774 3238 3971 3319 privat

2431 3338 2786 3420 potentiam
2824 3336 3097 3400 activam
3138 3356 3178 3401 a
3206 3336 3503 3420 Virgine,
3551 3342 3666 3406 sed
3701 3348 3972 3408 removet

2432 3449 2812 3509 consuetum
2857 3444 3122 3508 modum
3166 3446 3474 3527 operandi
3523 3452 3810 3531 naturae,
3869 3450 3973 3533 qui

2432 3556 2527 3617 est
2555 3571 2666 3635 per
2697 3552 2959 3615 seminis
2995 3552 3519 3618 commixtionem
3562 3557 3759 3621 maris
3794 3563 3856 3622 et
3889 3559 3972 3621 10-

2434 3660 2648 3724 minae.
2674 3658 2902 3723 Utrum
2925 3664 3139 3724 autem
3168 3659 3366 3743 Virgo
3385 3663 3663 3729 excitata
3684 3683 3725 3729 a
3743 3664 3974 3749 Spiritu

2431 3772 2649 3832 sancto
2675 3768 3110 3845 seminaverit,
3140 3768 3265 3833 hoc
3291 3773 3418 3849 est,
3464 3771 3546 3835 ad
3592 3773 3807 3839 locum
3847 3791 3974 3838 ma-

2433 3875 2605 3940 tricis
2627 3894 2846 3939 semen
2875 3876 3177 3956 emiserit,
3222 3879 3522 3958 quamvis
3564 3880 3766 3965 aliqui
3804 3881 3974 3946 dixe-

2433 3983 2584 4065 rint,
2612 4002 2746 4048 11011
2772 3989 2866 4048 est
2889 3988 3106 4048 tamen
3135 3984 3407 4049 verbum
3431 3985 3598 4052 illud
3625 3988 3974 4071 frequenter

2431 4094 2500 4157 in
2537 4112 2646 4159 ore
2692 4094 3112 4172 versandum,
3151 4098 3293 4159 tum
3326 4094 3480 4177 quia
3516 4095 3971 4179 turpitudinem

2433 4198 2626 4265 habet
2683 4218 3005 4265 annexam
3028 4249 3047 4280 ,
3109 4206 3173 4265 et
3241 4201 3439 4266 homo
3496 4202 3740 4268 habere
3802 4204 3974 4269 debet

2434 4312 2681 4376 munda
2704 4311 2875 4375 labia
2903 4312 2970 4375 in
2998 4311 3108 4375 tali
3137 4311 3424 4389 materia,
3448 4315 3596 4376 tum
3620 4314 3811 4378 etiam
3835 4312 3974 4396 quia

2432 4420 2879 4485 certitudinem
2926 4437 3056 4483 non
3094 4420 3288 4483 habet
3324 4438 3406 4483 ex
3451 4439 3520 4484 se
3539 4468 3559 4499 ,
3607 4439 3727 4485 nec
3777 4419 3974 4486 verbis

2433 4529 2815 4594 Sanctorum
2837 4529 3091 4595 videtur
3114 4528 3393 4594 multum
3412 4546 3785 4593 consonare.
3809 4527 3973 4592 Unde

2433 4638 2701 4702 stultum
2740 4643 2833 4702 est
2873 4638 2943 4701 111
2987 4637 3217 4701 talibus
3243 4636 3407 4701 velle
3449 4636 3539 4700 ita
3568 4636 3817 4702 curiose
3848 4635 3971 4701 sin-

2434 4744 2593 4827 gula
2611 4749 3016 4828 pertractare.
3042 4744 3177 4808 Hoc
3197 4749 3413 4807 tamen
3430 4744 3712 4808 sufficiat
3730 4745 3970 4821 dixisse,

2435 4850 2730 4916 videlicet
2768 4851 2944 4935 quod
2983 4849 3183 4933 Virgo
3221 4849 3617 4915 ministravit
3660 4852 3975 4916 materiam

2434 4961 2650 5040 aptam
2680 4957 3080 5038 generationi
3121 4954 3263 5020 Filii
3303 4954 3415 5021 Dei
3458 4958 3819 5023 secundum
3857 4973 3976 5021 car-

2433 5082 2610 5128 nem.

2516 5175 2577 5235 3.
2604 5171 2704 5236 Ad
2727 5169 2885 5237 illud
2914 5171 3085 5254 quod
3112 5170 3483 5253 opponitur,
3510 5173 3688 5254 quod
3711 5168 3976 5236 nonfuit

2434 5281 2505 5345 in
2536 5298 2615 5344 ea
2641 5279 2997 5344 secundum
3019 5277 3335 5344 rationem
3355 5278 3757 5359 seminalem,
3782 5278 3976 5343 dicen·

2438 5389 2595 5453 dum
2624 5385 2797 5469 quod
2824 5403 3056 5450 verum
3085 5388 3211 5465 est,
3245 5385 3301 5448 si
3327 5384 3492 5450 ratio
3529 5384 3852 5450 seminalis
3878 5381 3974 5447 di-

2439 5499 2621 5562 catur
2637 5493 2770 5574 illa,
2799 5491 3153 5564 secundum
3172 5510 3375 5577 quam
3392 5495 3635 5562 natura
3660 5487 3975 5560 consuevit
