4185 6288
509 1340 703 1382 Aliorum

522 2955 694 2994 Auctori
708 2975 723 2985 -

561 3019 668 3057 tates

507 3075 636 3118 etiam
650 3090 723 3132 po-

751 470 872 531 ut)
1919 458 2547 527 SENTENTIARUM
2589 458 2740 524 LIB.
2787 457 2896 524 111.

748 602 865 693 qui
894 600 1230 669 hominem
1259 599 1610 692 quemdam
1642 622 1723 667 ex
1759 599 1982 668 anima
2022 597 2329 666 rationali
2366 603 2430 664 et
2466 618 2659 665 carne
2707 593 3138 686 compositum
3167 593 3397 662 dicunt
3422 590 3634 659 Deum
3663 589 3927 676 factum,

748 718 858 786 sed
890 718 1126 807 gratia,
1158 738 1292 785 non
1321 723 1580 786 natura.
1615 715 1773 785 Sola
1818 716 1996 784 enim
2032 714 2245 803 gratia
2288 712 2523 783 babuit
2563 713 2676 780 ille
2713 712 2935 798 homo,
2988 733 3121 779 non
3162 709 3410 778 meritis
3436 708 3543 777 vel
3574 714 3830 792 natura,
3862 715 3933 774 ut

748 842 915 903 esset
958 834 1155 918 Deus,
1196 835 1334 901 sive
1376 832 1495 900 Dei
1544 832 1780 918 Filius,
1832 839 1907 898 ut
1947 831 2216 899 haberet
2261 852 2526 899 omnem
2577 829 2913 897 scientiam
2959 837 3023 895 et
3067 826 3452 920 potentiam,
3499 845 3702 915 quam
3745 821 3934 889 habet

747 950 1045 1020 Verbum
1076 973 1229 1018 cum
1257 972 1392 1041 quo
1422 959 1518 1017 est
1540 972 1676 1018 una
1703 971 2001 1041 persona.
2034 946 2169 1015 Nec
2197 953 2455 1015 tantum
2498 947 2568 1014 in
2606 944 3058 1037 superioribus
3092 942 3363 1031 legitur,
3396 940 3574 1032 quod
3600 939 3797 1007 homo
3821 938 3929 1007 ille

747 1068 831 1136 sit
857 1089 993 1135 una
1023 1088 1297 1157 persona
1321 1088 1473 1134 cum
1497 1064 1741 1134 Verbo.
1790 1073 1852 1133 et
1892 1064 1975 1133 sit
2013 1064 2231 1155 ipsum
2270 1063 2596 1153 Verbum,
2645 1056 2758 1131 sed
2797 1061 2992 1130 etiam
3029 1059 3206 1152 quod
3246 1058 3474 1152 *anima
3513 1055 3845 1125 rationalis
3874 1062 3934 1123 et

743 1205 893 1252 caro
921 1182 1149 1251 eadem
1178 1204 1456 1274 persona
1483 1182 1600 1268 sit,
1642 1189 1698 1249 et
1732 1180 2030 1249 Christus
2057 1180 2142 1246 sit
2171 1186 2236 1247 et
2264 1180 2460 1247 DeuS.

837 1298 1011 1368 Sunt
1037 1307 1259 1368 autem
1287 1298 1493 1368 etalii
1521 1298 1640 1390 qui
1669 1298 1808 1365 istis
1854 1297 1923 1364 in
1974 1305 2154 1388 parte
2197 1295 2644 1381 consentiunt,
2688 1295 2799 1362 sed
2841 1294 3074 1363 dicunt
3113 1293 3452 1363 bominem
3475 1291 3670 1360 illum
3702 1312 3834 1359 non
3857 1313 3931 1360 ex
4021 1286 4024 1290 ’

628 1407 716 1444 ⁰¹⁸⁸
744 1416 970 1485 anima
997 1416 1304 1484 rationali
1352 1423 1417 1483 et
1460 1438 1654 1483 carne
1695 1422 1982 1498 tantum,
2029 1413 2142 1481 sed
2190 1436 2270 1480 ex
2314 1412 2611 1480 humana
2644 1420 2710 1480 et
2753 1411 2979 1481 divina
3019 1418 3279 1493 natura,
3332 1409 3401 1478 id
3445 1417 3566 1494 est,
3607 1431 3688 1476 ex
3735 1406 3936 1477 tribus

743 1532 1151 1618 substantiiS,
1184 1532 1552 1617 divinitate,
1585 1553 1778 1599 carne
1804 1537 1869 1598 et
1911 1530 2136 1598 anima
2165 1536 2484 1614 constare,
2534 1537 2598 1596 et
2644 1528 2819 1596 hunc
2855 1526 3081 1596 Jesum
3126 1526 3460 1595 Christum
3485 1525 3779 1594 fatentur
3813 1550 3830 1610 ;
3877 1531 3938 1591 et

748 1671 948 1718 unam
991 1672 1336 1740 personam
1382 1656 1641 1715 tantum
1689 1669 1866 1733 esse;
1931 1654 2083 1715 ante
2140 1646 2655 1714 incarnationem
2703 1666 2859 1713 vero
2922 1642 3335 1714 solummodo
3387 1641 3775 1733 simplicem,
3832 1640 3934 1709 sed

743 1764 1193 1833 incarnatione
1219 1764 1410 1847 facta,
1459 1764 1884 1856 compositam
1934 1786 2015 1831 ex
2055 1762 2402 1830 divinitate
2442 1770 2505 1830 et
2551 1762 2988 1831 humanitate.
3039 1760 3172 1827 Nec
3214 1767 3309 1826 est
3335 1758 3482 1827 ideo
3510 1757 3643 1827 alia
3668 1780 3939 1850 persona

745 1904 948 1972 quam
978 1881 1165 1971 prius
1196 1906 1214 1967 ;
1246 1880 1359 1950 sed
1385 1903 1537 1949 cum
1565 1881 1751 1972 prius
1779 1888 1943 1948 esset
1976 1880 2095 1947 Dei
2142 1886 2400 1947 tantum
2435 1901 2736 1970 persona,
2782 1878 2855 1946 in
2894 1876 3343 1945 incarnatione
3388 1875 3558 1943 facta
3601 1884 3699 1942 est
3747 1874 3937 1942 etiam

744 1996 1039 2066 hominis
1063 2019 1341 2088 persona
1375 2022 1390 2064 ε
1425 2019 1557 2064 non
1601 2005 1675 2066 ut
1703 1996 1852 2066 duae
1881 2005 2094 2064 essent
2122 2017 2437 2087 personae,
2472 1995 2584 2063 sed
2613 2003 2689 2063 ut
2714 2018 2849 2064 una
2879 2003 2943 2063 et
2973 1994 3196 2062 eadem
3238 1999 3402 2061 esset
3429 2014 3712 2084 persona
3736 1991 3854 2059 Dei
3879 2000 3938 2060 et

745 2113 1057 2183 hominis.
1095 2114 1384 2183 Persona
1411 2135 1566 2202 ergo
1595 2136 1746 2206 quae
1787 2113 1971 2205 prius
2012 2120 2154 2181 erat
2197 2113 2500 2203 simplest,
2547 2120 2613 2180 et
2650 2112 2718 2179 in
2769 2135 2903 2180 una
2944 2118 3203 2180 tantum
3239 2119 3483 2178 natura
3535 2108 3843 2194 existens,
3871 2109 3939 2177 in

745 2231 1006 2299 duabus
1036 2239 1099 2297 et
1126 2254 1207 2298 ex
1233 2230 1492 2299 duabus
1517 2230 1812 2299 subsistit
1841 2230 2131 2313 naturis3
2164 2237 2229 2297 et
2254 2251 2532 2320 persona
2559 2251 2705 2321 quae
2732 2235 2989 2296 tantum
3015 2227 3189 2296 Deus
3215 2234 3379 2311 erat,
3412 2226 3578 2294 facta
3605 2233 3706 2294 est
3750 2223 3938 2293 etiam

745 2369 945 2415 verus
987 2347 1212 2432 hom0,
1258 2347 1617 2416 subsistens
1662 2369 1795 2415 non
1846 2355 2104 2416 tantum
2148 2369 2230 2414 ex
2265 2345 2487 2414 anima
2528 2353 2596 2414 et
2628 2367 2847 2432 carne,
2892 2344 3005 2413 sed
3047 2344 3244 2412 etiam
3284 2365 3367 2411 ex
3404 2342 3751 2411 divinitate
3780 2371 3799 2430 ;
3828 2364 3939 2410 nec

748 2472 968 2531 tamen
1014 2485 1292 2555 persona
1338 2464 1455 2531 illa
1496 2463 1686 2531 debet
1730 2463 1857 2531 dici
1902 2463 2068 2531 facta
2109 2484 2411 2554 persona,
2458 2462 2763 2554 quamvis
2801 2460 3057 2529 dicatur
3096 2459 3263 2528 facta
3306 2481 3584 2550 persona
3630 2458 3934 2528 hominis.

746 2579 943 2648 Facta
968 2564 1066 2648 est
1097 2579 1304 2669 igitur
1331 2579 1449 2647 illa
1477 2602 1777 2671 persona,
1809 2588 1885 2648 nt
1912 2579 2314 2671 quibusdam
2344 2580 2578 2671 placet,
2621 2578 2939 2671 quiddam
2967 2576 3327 2646 subsistens
3356 2599 3440 2644 ex
3465 2576 3693 2646 anima
3717 2584 3782 2645 et
3807 2598 3940 2646 car·

749 2717 857 2780 ne,
907 2695 1019 2764 sed
1051 2718 1186 2765 non
1215 2703 1310 2764 est
1337 2695 1504 2765 facta
1532 2719 1834 2787 persona,
1865 2697 1969 2766 vel
1990 2696 2379 2781 substantia,
2421 2696 2528 2765 vel
2576 2704 2837 2764 natura.
2878 2695 2960 2763 Et
3009 2696 3080 2762 in
3107 2702 3435 2786 quantum
3465 2701 3563 2762 est
3588 2693 3762 2763 illud
3787 2691 3936 2762 sub-

746 2811 1003 2896 sistens,
1036 2814 1394 2904 composita
1422 2822 1554 2900 est;
1585 2814 1656 2881 in
1688 2821 2015 2906 quantum
2044 2821 2266 2881 autem
2292 2813 2592 2883 Verbum
2620 2821 2739 2897 est,
2771 2812 3046 2903 simplex
3071 2819 3190 2881 est.

839 2928 934 2995 De
962 2927 1087 2995 hoc
1112 2930 1531 3017 Augustinus
1558 2930 1629 2998 in
1652 2931 1824 2998 libro
1851 2930 2352 2999 Sententiarum
2382 2929 2685 3018 Prosperi
2713 2928 2806 2997 ait
2827 2931 2843 2964 ¹
2881 2953 2895 2995 ι
2936 2954 2970 2991 «
2998 2928 3211 2997 Modis
3241 2927 3552 2997 omnibus
3574 2928 3934 3019 approbare

750 3044 1207 3113 contendimus
1235 3042 1625 3114 sacrificium
1663 3047 1965 3116 Ecclesiae
2006 3047 2268 3115 duobus
2305 3054 2623 3131 constare,
2666 3054 2730 3113 et
2769 3044 3029 3114 duobus
3066 3045 3324 3130 confici,
3377 3045 3626 3113 visibili
3655 3045 3933 3114 elemen-

509 3143 726 3259 ζζζοῖἶζ,
754 3167 974 3229 torum
1004 3162 1239 3252 specie,
1272 3171 1337 3230 et
1359 3163 1682 3231 invisibili
1708 3163 1975 3232 Domini
2001 3165 2209 3232 nostri
2236 3163 2392 3232 Jesu
2436 3164 2677 3233 Christi
2703 3185 2899 3232 carne
2925 3171 2991 3230 et
3013 3162 3360 3252 sanguine,
3394 3170 3803 3232 sacramento
3825 3215 3842 3246 ,
3872 3169 3933 3230 et

510 3263 616 3308 bant
635 3279 709 3309 sen

521 3328 715 3376 tentiam.

757 3298 827 3345 re
854 3278 1265 3366 sacramenti,
1295 3278 1365 3347 id
1393 3288 1512 3362 est,
1543 3301 1811 3371 corpore
1851 3280 2120 3366 Christi,
2163 3281 2331 3350 sicut
2369 3281 2610 3350 Christi
2649 3303 2926 3372 persona
2952 3288 3202 3349 constat
3227 3289 3293 3348 et
3319 3280 3671 3349 conficitur
3696 3302 3780 3349 ex
3802 3278 3931 3348 Deo

756 3398 821 3459 et
847 3391 1138 3479 homine,
1169 3395 1488 3485 cumipse
1511 3394 1809 3464 Christus
1849 3418 2048 3466 verus
2082 3397 2167 3464 sit
2206 3396 2401 3482 Deus,
2448 3405 2513 3465 et
2559 3419 2757 3466 verus
2801 3396 2999 3465 homo
3029 3423 3046 3482 3
3094 3397 3254 3489 quia
3295 3398 3509 3465 omnis
3533 3420 3643 3465 res
3664 3397 3930 3466 illarum

754 3529 977 3576 rerum
1015 3518 1320 3580 naturam
1366 3520 1431 3579 et
1465 3511 1806 3580 veritatem
1862 3513 1933 3579 in
1989 3536 2056 3580 se
2106 3514 2419 3598 continet,
2478 3537 2559 3582 ex
2609 3514 2854 3606 quibus
2903 3514 3270 3582 conficitur.
3301 3540 3336 3578 »
3391 3515 3486 3582 De
3542 3514 3672 3583 hoc
3710 3514 3932 3583 eodem

749 3623 1035 3693 Joannes
1045 3625 1540 3695 Domascemus²
1565 3653 1579 3694 ε
1604 3628 1723 3695 «In
1737 3627 2017 3696 Domino
2029 3638 2251 3697 nostro
2278 3628 2433 3697 Jesu
2452 3629 2883 3699 Christoduas
2893 3630 3161 3722 quidem
3173 3639 3442 3699 naturas
3452 3631 3927 3719 cognoscimus,

749 3764 950 3810 unam
972 3751 1190 3811 autem
1211 3743 1610 3835 hypostasim
1631 3767 1711 3813 ex
1731 3746 2078 3837 utriusque
2097 3746 2544 3836 compositam.
2564 3747 2947 3814 Incarnatus
2962 3756 3221 3835 estergo
3237 3746 3534 3816 Christus
3553 3769 3639 3815 ex
3657 3747 3931 3837 Virgine

745 3880 1081 3928 assumens
1107 3861 1429 3951 primitias
1456 3870 1691 3930 nostrae
1712 3885 1988 3948 massae,
2006 3864 2235 3955 utipsa
2261 3863 2548 3931 extiterit
2561 3863 2743 3931 carni
2763 3862 3148 3954 hypostasiS,
3169 3884 3315 3954 quae
3334 3862 3450 3931 Dei
3466 3863 3678 3932 Verbi
3697 3864 3932 3956 hypos-

742 3975 899 4043 tasis
927 3976 1124 4044 etiam
1150 3978 1505 4068 composita
1532 3987 1597 4045 et
1625 3979 1790 4047 facta
1815 3978 2038 4064 fuerit,
2071 4001 2221 4070 quae
2233 3980 2416 4071 prius
2430 3979 2711 4070 simplex
2738 3987 2876 4047 erat
2912 3979 3109 4047 Verbi
3136 3977 3523 4069 hypostasis.
3557 3979 3929 4071 Composita

741 4112 899 4159 vero
925 4114 1005 4160 ex
1033 4091 1294 4161 duabus
1319 4095 1619 4185 perfectis
1647 4095 1927 4182 naturiS,
1959 4097 2198 4165 deitate
2249 4105 2314 4164 et
2341 4095 2749 4166 humanitate
2784 4120 2799 4161 ε
2833 4106 2897 4163 et
2927 4094 3092 4163 ferat
3132 4095 3274 4185 ipsa
3310 4094 3549 4165 divinae
3581 4097 3790 4167 Verbi
3815 4095 3929 4165 Dei

743 4207 1083 4276 filiationis
1104 4207 1697 4281 characteristicum
1723 4222 1789 4282 et
1810 4213 2391 4283 determinativum
2408 4213 2681 4299 idioma,
2712 4213 3074 4282 secundum
3112 4211 3291 4303 quod
3315 4211 3526 4280 divisa
3559 4235 3604 4280 a
3650 4213 3844 4281 Patre
3869 4217 3930 4279 et

743 4323 994 4416 Spiritu
1046 4333 1294 4410 sancto,
1351 4336 1416 4395 et
1465 4329 1681 4397 carnis
1732 4331 2249 4399 characteristica
2302 4341 2367 4398 et
2418 4329 2921 4399 determinativa
2977 4329 3313 4417 idiomata,
3371 4330 3740 4398 secundum
3784 4346 3926 4420 quae

741 4439 1004 4510 differat
1029 4464 1068 4509 a
1095 4450 1303 4510 matre
1330 4452 1396 4512 et
1420 4443 1695 4536 reliquis
1738 4445 2139 4515 hominibus
2173 4474 2207 4512 »
2241 4447 2405 4514 Item
2437 4447 2458 4484 ’
2492 4472 2506 4512 ε
2543 4473 2578 4512 «
2608 4447 2826 4514 Unam
2864 4446 3264 4538 hypostasim
3306 4445 3463 4513 Filii
3499 4445 3620 4514 Dei
3664 4444 3924 4514 confite-

743 4578 899 4625 mur
925 4556 996 4624 in
1022 4557 1283 4627 duabus
1307 4560 1562 4629 naturis
1589 4563 1868 4652 perfecte
1895 4585 1963 4631 se
1987 4563 2408 4654 habentibus,
2442 4562 2736 4631 eamdem
2786 4561 3186 4654 hypostasim
3214 4560 3471 4630 deitatis
3517 4570 3582 4630 et
3624 4559 3928 4629 humani-

743 4673 894 4741 tatis
921 4673 1207 4742 dicentes
1231 4674 1633 4745 incarnatam
1663 4701 1824 4764 esse,
1856 4688 1921 4746 et
1937 4679 2054 4746 has
2080 4679 2245 4748 duas
2270 4687 2539 4747 naturas
2563 4679 2901 4764 custodiri,
2924 4687 2990 4748 et
3017 4701 3279 4747 manere
3301 4677 3373 4746 in
3400 4678 3541 4770 ipso
3571 4687 3721 4770 post
3745 4678 3931 4747 unio-

742 4811 923 4875 nem,
955 4812 1090 4858 non
1113 4814 1408 4860 seorsum
1441 4801 1507 4860 et
1531 4795 1893 4863 secundum
1922 4804 2137 4886 partes
2162 4803 2475 4887 ponentes
2501 4796 2862 4884 singulam,
2893 4795 3005 4862 sed
3031 4796 3251 4862 unitas
3296 4794 3579 4863 invicem
3611 4796 3684 4863 in
3731 4815 3929 4865 unam

744 4907 1168 4995 compositam
1194 4909 1595 5001 hypostasim
1628 4937 1644 4979 ε
1676 4913 2171 4982 substantialem
2200 4913 2378 4981 enim
2408 4914 2748 5005 inquimus
2777 4912 3114 4998 unionem,
3143 4912 3386 4980 scilicet
3411 4933 3667 4998 veram,
3700 4921 3765 4980 et
3802 4932 3929 4979 non

744 5023 1106 5092 secundum
1135 5024 1546 5115 phantasiam
1580 5052 1596 5094 :
1626 5029 2124 5098 substantialem
2152 5038 2372 5099 autem
2395 5053 2528 5098 non
2557 5028 2819 5097 duabus
2844 5028 3097 5097 naturis
3124 5026 3640 5119 perficientibuS,
3660 5029 3927 5097 alteram

743 5137 988 5205 scilicet
1014 5162 1219 5209 unam
1245 5144 1673 5235 compositam
1702 5155 2034 5233 naturam,
2057 5146 2170 5214 sed
2198 5147 2415 5216 unitas
2442 5146 2725 5214 invicem
2756 5146 2828 5214 in
2856 5167 3061 5214 unam
3087 5143 3488 5235 hypostasim
3507 5145 3929 5238 compositam

744 5252 906 5324 Filii
938 5254 1078 5342 Dei,
1108 5263 1174 5325 et
1202 5280 1465 5328 manere
1493 5262 1790 5330 eamdem
1829 5264 2329 5332 substantialem
2370 5262 2809 5331 differentiam
2846 5261 3386 5333 determinamus
3418 5260 3614 5342 Quod
3658 5260 3931 5332 creabile
4026 5267 4029 5270 ’

748 5371 990 5440 mansit
1016 5373 1320 5460 creabile,
1353 5384 1418 5446 et
1444 5378 1622 5469 quod
1650 5379 1998 5449 increabile
2028 5380 2408 5467 increabile,
2439 5388 2501 5449 et
2531 5380 2805 5449 mortale
2835 5378 3132 5465 mortale,
3164 5386 3230 5446 et
3253 5378 3629 5449 immortale
3669 5379 3931 5450 immor·

819 5504 1126 5570 unegatnr,
1141 5508 1205 5558 de
1226 5509 1601 5574 cmmcr.‚di⁸t.
1618 5523 1681 5574 11,
1693 5526 1741 5564 c.
1762 5513 1862 5565 Hoc
1878 5518 2060 5581 estque
2083 5515 2316 5567 dicimus.
2338 5541 2397 5556 -
2411 5517 2434 5551 ⁸
2450 5513 2898 5578 Damasc.,del³'td.
2914 5512 3252 5577 camunni,
3269 5527 3315 5568 c.
3338 5527 3392 5579 v,
3402 5512 3593 5566 vin—⁸
3612 5512 3768 5578 thid..
3791 5527 3836 5566 c.
3853 5523 3928 5564 ιιι.
