4185 6288
809 425 931 489 ⁴68

808 562 874 623 et
899 558 1055 643 quia
1097 553 1383 622 medium
1436 553 1888 620 denominatur
1916 556 1997 620 ab
2038 555 2365 636 extremis,

806 665 949 731 ideo
970 665 1170 748 aliqui
1196 663 1418 728 dicunt
1444 662 1637 728 fuisse
1665 662 1734 726 in
1776 664 1992 729 media
2016 667 2225 743 nocte,
2258 663 2371 727 ali-

807 774 920 857 qui
947 773 1017 837 in
1042 791 1231 837 mane
1259 771 1397 836 sine
1423 770 1640 854 aliqua
1659 772 2177 836 contradictione.
2203 772 2366 838 Con-

808 881 1162 947 cedendum
1189 883 1285 944 est
1320 896 1480 960 ergo
1508 879 1681 961 quod
1723 878 2010 943 Christus
2052 879 2370 961 requievit

806 1005 920 1070 per
945 988 1237 1053 triduum
1260 988 1328 1051 in
1351 987 1668 1070 sepulcro,
1699 987 1788 1051 ita
1815 986 1984 1069 quod
2006 1006 2119 1069 per
2148 1005 2369 1069 synec-

806 1096 1053 1160 dochen
1099 1097 1225 1161 hoc
1270 1094 1692 1177 intelligatur.
1741 1093 2172 1159 Concedendae
2217 1098 2368 1156 sunt

805 1202 1226 1268 nihilominus
1266 1202 1569 1280 rationes,
1620 1218 1770 1284 quae
1824 1202 1947 1265 hoc
1994 1201 2360 1265 ostendunt.

887 1316 946 1373 1.
981 1310 1075 1374 Ad
1106 1309 1267 1375 illud
1295 1309 1467 1392 quod
1495 1308 1705 1391 primo
1730 1307 2032 1390 oincitur
2045 1306 2124 1372 de
2142 1306 2366 1390 Samp-

805 1429 990 1493 sone,
1026 1414 1168 1496 jam
1216 1416 1389 1494 patet
1413 1410 1741 1493 responsio
1775 1430 1792 1476 ε
1837 1410 1991 1493 quia
2027 1414 2161 1475 esto
2189 1409 2364 1492 quod

806 1518 1015 1584 media
1064 1524 1250 1585 nocte
1290 1519 1661 1598 resurrexit,
1694 1536 1829 1584 non
1866 1522 2083 1582 tamen
2130 1535 2215 1582 ex
2240 1517 2364 1581 hoc

805 1627 1101 1710 sequitur
1126 1627 1301 1709 quod
1334 1626 1621 1692 Christus
1647 1645 1782 1691 non
1830 1625 2076 1709 quievit
2104 1641 2219 1707 per
2244 1623 2363 1687 tri-

812 1737 1020 1804 duum
1046 1738 1116 1801 in
1143 1737 1505 1821 sepulchre,
1527 1736 1680 1821 quia
1709 1735 1918 1801 media
1942 1735 2051 1798 illa
2079 1751 2214 1799 nox
2240 1734 2363 1797 fuit

807 1863 957 1930 pars
981 1845 1107 1910 diei
1134 1843 1505 1924 Dominicae,
1542 1850 1607 1909 et
1627 1862 1742 1927 per
1772 1841 2211 1927 synecdochen
2248 1858 2363 1923 per

809 1953 1086 2018 mediam
1116 1953 1295 2018 illam
1322 1957 1573 2018 noctem
1603 1957 1734 2017 tota
1761 1953 1894 2016 dies
1949 1968 2223 2032 sequens
2263 1949 2360 2011 in-

806 2060 1120 2144 telligitur
1146 2065 1601 2146 :computatur
1617 2061 1788 2126 enim
1817 2078 1950 2124 nox
1966 2077 2120 2122 cum
2146 2057 2248 2121 die
2266 2074 2361 2120 se-

805 2169 1026 2251 quenti
1046 2172 1189 2251 post
1220 2168 1449 2234 Christi
1469 2168 2021 2233 resurrectionem.
2043 2165 2360 2229 Praeterea

805 2294 941 2341 non
987 2280 1233 2360 oportet
1279 2278 1452 2360 quod
1493 2276 1732 2341 veritas
1778 2277 1847 2339 in
1887 2275 2189 2340 omnibus
2217 2292 2358 2338 res-

804 2382 1081 2465 pondeat
1108 2386 1368 2464 figurae,
1392 2384 1546 2465 quia
1574 2383 1751 2446 nulla
1777 2384 1994 2462 figura
2017 2385 2113 2445 est
2154 2382 2240 2445 ita
2268 2381 2354 2444 si-

806 2489 979 2553 milis
1022 2490 1298 2570 veritati,
1333 2491 1498 2574 quin
1551 2490 1635 2553 sit
1674 2508 1754 2554 ex
1784 2488 2002 2572 aliqua
2046 2488 2148 2552 sui
2178 2491 2357 2571 parte

808 2595 1155 2662 dissimiliS.

883 2708 947 2768 2.
973 2704 1072 2768 Ad
1099 2704 1260 2768 illud
1286 2705 1458 2786 quod
1492 2704 1813 2786 objicitur,
1840 2702 2012 2788 quod
2055 2702 2355 2785 impossi-

806 2813 935 2878 bile
961 2813 1088 2877 fuit
1125 2831 1278 2878 eum
1324 2813 1626 2888 detineri,
1657 2813 1997 2877 dicendum
2027 2812 2202 2894 quod
2237 2811 2358 2875 de-

803 2921 1006 2986 tentio
1046 2919 1196 2984 dicit
1224 2920 1620 2984 violentiam.
1654 2919 1940 2984 Christus
1988 2924 2207 2983 autem
2235 2918 2358 2981 dis-

805 3027 952 3092 tulit
980 3044 1324 3108 resurgere
1352 3046 1554 3109 usque
1584 3027 1662 3090 ad
1693 3026 1950 3091 tertium
1999 3027 2191 3105 diem,
2224 3044 2356 3090 non

803 3139 1062 3219 propter
1109 3134 1508 3209 violentiam,
1535 3132 1645 3198 sed
1676 3138 1936 3217 propter
1966 3152 2212 3198 meram
2238 3152 2357 3198 vo-

801 3241 1115 3307 luntatem
1148 3262 1165 3309 t
1199 3246 1262 3306 et
1280 3242 1420 3306 ideo
1447 3260 1578 3306 non
1606 3245 1743 3306 erat
1781 3241 2082 3322 detentio,
2109 3242 2220 3307 sed
2246 3260 2352 3306 ra·

802 3347 1057 3414 tionalis
1082 3348 1465 3431 expectatio.

885 3459 946 3520 3.
977 3455 1076 3520 Ad
1100 3455 1257 3520 illud
1276 3455 1451 3539 quod
1476 3454 1795 3537 objicitur,
1828 3455 2000 3536 quod
2031 3455 2166 3537 jam
2190 3472 2356 3537 opus

804 3565 1039 3626 nostrae
1069 3561 1525 3645 redemptionis
1551 3567 2072 3627 consummatum
2087 3565 2246 3638 erat,
2267 3562 2358 3626 di-

805 3667 1082 3734 cendum
1111 3670 1304 3752 quod,
1333 3670 1477 3733 licet
1517 3674 2035 3734 consummatum
2063 3674 2227 3734 esset
2254 3689 2357 3735 se-

808 3776 1095 3842 cundum
1140 3778 1496 3857 veritatem,
1541 3796 1674 3842 non
1704 3783 1920 3843 tamen
1950 3779 2139 3843 nobis
2167 3779 2357 3843 inno-

804 3888 1039 3950 tuerat.
1069 3884 1167 3949 Ad
1193 3884 1316 3949 hoc
1340 3889 1558 3950 autem
1576 3885 1747 3968 quod
1762 3886 1947 3950 nobis
1963 3886 2223 3965 valeret,
2243 3905 2358 3950 ne-

806 4012 979 4059 cesse
1006 3999 1143 4057 erat
1168 3993 1342 4076 quod
1390 3991 1576 4058 nobis
1622 3994 2063 4059 innotesceret.
2099 3993 2195 4058 Ad
2233 3994 2358 4059 hoc

809 4108 1027 4169 autem
1050 4103 1221 4186 quod
1246 4102 1433 4167 nobis
1459 4102 1982 4167 certitudinaliter
2009 4102 2359 4167 innotesce-

809 4213 930 4290 ret,
961 4228 1217 4275 necesse
1267 4214 1403 4274 erat
1446 4208 1684 4274 differri
1717 4230 1733 4272 ε
1784 4208 1925 4273 ideo
1958 4227 2090 4273 non
2118 4210 2358 4292 absquo

810 4333 1025 4393 causa,
1057 4316 1167 4380 sed
1213 4318 1470 4397 propter
1510 4313 1781 4377 salutem
1819 4318 2105 4379 nostram
2138 4334 2355 4380 resur-

809 4424 1157 4489 rectionem
1182 4421 1426 4486 distulit
1449 4421 1517 4483 in
1540 4420 1711 4485 diem
1739 4421 2025 4486 tertium.

887 4535 953 4594 4.
994 4529 1092 4595 Ad
1134 4527 1294 4594 illud
1334 4527 1503 4610 quod
1559 4526 1877 4608 objicitur,
1919 4528 2091 4610 quod
2140 4529 2360 4592 anima

811 4636 1041 4702 Christi
1070 4636 1124 4698 si
1145 4635 1481 4717 appetebat
1507 4634 1679 4699 uniri
1698 4635 1970 4717 corpori,
2000 4636 2359 4701 retardaba-

808 4748 916 4808 tur
944 4763 984 4808 a
1009 4742 1389 4827 perfectione
1416 4740 1984 4825 contemplationis,
2017 4743 2358 4808 dicendum

806 4850 979 4934 quod
1000 4850 1124 4914 hoc
1149 4866 1282 4912 non
1308 4847 1640 4930 oportebat
1660 4851 1915 4930 propter
1937 4849 2244 4913 unionem
2268 4851 2359 4932 ip-

804 4960 941 5023 sius
990 4958 1071 5022 ad
1111 4958 1426 5036 Verbum,
1486 4960 1552 5020 et
1594 4960 1837 5020 tantam
1891 4956 2357 5039 plenitudinem

865 5116 882 5151 ¹
915 5115 996 5178 Cf.
1028 5116 1172 5166 Alex.
1205 5115 1431 5181 Alensis,
1458 5130 1512 5181 p.
1535 5117 1692 5180 111,q.
1729 5127 1839 5179 xm,
1861 5117 2050 5166 memb.
2071 5120 2135 5180 43
2164 5120 2218 5169 S.
2239 5117 2357 5172 Th„

801 5203 856 5254 p.
889 5191 976 5253 ΙΙΙ,
1018 5206 1069 5257 q.
1094 5203 1201 5256 nn,
1241 5197 1337 5241 art.
1373 5196 1429 5253 t;
1459 5195 1512 5241 et
1564 5193 1629 5241 ΙΙΙ
1665 5193 1824 5254 Sene„
1858 5191 1974 5241 dist.
2012 5203 2162 5254 xxu,
2191 5207 2243 5256 q.
2279 5205 2354 5258 11,

801 5265 899 5314 art.
927 5267 973 5313 1.
1003 5277 1055 5327 q.
1085 5275 1123 5327 13
1159 5269 1212 5314 et
1227 5265 1403 5328 opusc.
1427 5264 1490 5314 ΙΙΙ
1513 5299 1532 5326 ,
1555 5278 1603 5314 c.
1628 5276 1776 5327 xL113
1807 5264 2068 5328 Richard.,
2096 5266 2159 5313 ΙΙΙ
2193 5266 2356 5318 sent..

801 5331 920 5383 dist.
950 5344 1082 5396 xxn,
1111 5338 1210 5385 art.
1239 5338 1291 5397 2,
1311 5348 1363 5399 q.
1389 5346 1440 5398 1;
1464 5335 1647 5385 Thom.
1676 5338 1904 5398 Argent„
1944 5335 2024 5384 121‘
2045 5336 2204 5396 Sene„
2232 5337 2351 5387 dist.

800 5413 934 5469 1111,
955 5418 1007 5471 q.
1031 5415 1069 5469 1,
1082 5409 1178 5456 art.
1201 5409 1226 5456 4
1246 5420 1264 5468 ς
1290 5405 1536 5469 Stephon.
1565 5406 1776 5466 Brutet„
1801 5407 1864 5455 ln
1891 5406 2052 5470 sent„
2074 5408 2191 5460 dist.
2213 5419 2347 5469 ¹111,

1895 414 2521 487 SENTENTIARUM
2558 416 2711 484 LlB.
2754 417 2864 485 111.

2480 555 2708 636 gratiae
2737 570 2885 638 quae
2911 554 2983 619 in
3008 556 3148 638 ipsa
3164 557 3321 633 erat,
3349 559 3425 619 ut
3451 572 3585 622 non
3607 555 3811 621 solum
3826 574 3981 641 sepa·

2478 666 2616 727 rata
2638 681 2678 726 a
2703 680 2989 745 corpore,
3016 682 3246 728 verum
3265 662 3461 727 etiam
3484 663 3763 728 existens
3785 665 3845 728 in
3867 682 3981 729 cor·

2477 787 2632 851 pore
2680 770 2999 852 passibili,
3030 788 3162 834 non
3206 770 3638 835 retardaretur
3677 790 3717 834 a
3737 774 3982 836 contem·

2477 876 2755 957 piatione
2796 876 3015 941 divina
3065 895 3244 941 :non
3290 876 3380 941 sic
3417 882 3637 942 autem
3665 877 3852 942 estin
3874 878 3986 942 aliis

2477 982 2815 1047 animabus
2831 984 3095 1066 reperiri
3128 1006 3143 1049 :
3177 1002 3296 1049 nec
3315 989 3410 1048 est
3437 985 3824 1067 mirandum,
3844 987 3986 1049 siilla

2475 1089 2693 1154 anima
2719 1090 2885 1156 inter
2911 1091 3070 1157 alias
3094 1092 3341 1156 animas
3360 1092 3983 1176 habuitprivilegium

2474 1198 2828 1281 singulare.

2993 1371 3354 1452 QUAESTIO
3399 1373 3503 1440 lv.

2602 1535 2696 1592 An
2723 1537 2912 1591 anima
2942 1535 3142 1594 Christi
3167 1535 3491 1594 descenderit
3518 1536 3596 1593 ad
3616 1538 3823 1606 inferos
3844 1538 3883 1589 ¹.

2552 1705 2781 1770 Utrum
2809 1706 3027 1772 anima
3054 1707 3283 1772 Christi
3305 1708 3706 1774 descenderit
3739 1707 3817 1773 ad
3852 1706 3985 1773 inte-
4005 1721 4124 1767 aaa

2469 1831 2609 1894 ros;
2649 1816 2713 1878 et
2730 1814 2903 1896 quod
2930 1814 3043 1893 sic,
3073 1815 3426 1881 ostenditur
3450 1816 3664 1899 primo
3693 1834 3810 1899 per
3834 1814 3984 1892 illud,

2467 1921 2641 2003 quod
2668 1922 2897 1986 dicitur
2914 1923 2937 1956 ¹
2970 1944 2985 1986 :
3022 1923 3214 1997 Quem
3243 1927 3407 1991 Deus
3434 1925 3822 2002 staecituvit,
3846 1923 3989 1989 solu-

2468 2030 2554 2094 tis
2607 2027 2932 2095 doloribus
2990 2031 3262 2111 interni,
3336 2035 3457 2095 etc.
3535 2029 3715 2114 Ergo
3770 2031 3990 2097 videtur

2467 2135 2639 2220 quod
2672 2136 2739 2199 in
2768 2137 3019 2202 inferno
3038 2138 3232 2202 fuerit
3249 2139 3468 2203 anima
3494 2140 3663 2222 ejus.

2547 2244 2705 2308 Item
2737 2246 2808 2309 in
2839 2244 3141 2328 Symbolo
3169 2247 3660 2330 Apostolorum:
3686 2246 3992 2316 Descendit

2465 2351 2557 2420 ad
2586 2355 2849 2434 insero&
2884 2356 3080 2421 tertia
3106 2354 3240 2434 die,
3272 2361 3392 2421 etc.
3414 2355 3586 2421 Nihil
3614 2356 3745 2423 hoc
3771 2373 3992 2443 expres·

2464 2462 2602 2527 sius
2624 2461 2747 2525 dici
2778 2465 3004 2543 potest.

2545 2568 2705 2632 Item
2752 2567 3177 2633 Damascenus
3216 2570 3238 2605 ³
3270 2592 3287 2636 :
3345 2593 3376 2630 α
3424 2569 3767 2636 Descendit
3802 2571 3879 2637 ad
3910 2572 3994 2634 in-

2462 2676 2643 2740 ferna
2670 2675 2886 2738 anima
2911 2675 3224 2753 deificata,
3250 2680 3323 2740 ut
3351 2678 3897 2759 quemadmodum
3913 2678 3994 2741 his

2464 2799 2611 2863 quae
2642 2780 2711 2844 in
2738 2785 2909 2845 terra
2937 2784 3113 2860 sunt,
3143 2781 3233 2845 ita
3258 2785 3323 2846 et
3365 2782 3468 2846 his
3495 2801 3648 2867 quae
3671 2783 3748 2847 in
3774 2785 3992 2848 inferno

2463 2892 2638 2964 sunt,
2673 2892 2735 2951 et
2765 2886 2786 2921 ⁴
2809 2889 2884 2953 in
2912 2888 3186 2955 tenebris
3215 2894 3272 2955 et
3317 2890 3394 2955 in
3414 2892 3643 2957 umbra
3665 2894 3890 2959 mortis
3914 2906 3993 2957 se-

2462 2996 2639 3076 dent,
2671 2996 3157 3080 superlucescat.
3182 3021 3214 3059 n
3250 2997 3428 3080 Ergo
3456 2999 3785 3065 descendit
3813 2999 3888 3063 ad
3906 2999 3991 3062 in·

2461 3104 2661 3170 ferna.

2544 3207 2726 3288 Item,
2753 3210 2916 3275 sicut
2942 3208 3229 3275 Christus
3255 3229 3373 3274 nos
3398 3210 3613 3276 docuit
3641 3230 3765 3294 per
3790 3212 3993 3277 adven·

2462 3321 2605 3382 tum
2631 3337 2827 3383 suum
2875 3318 2946 3383 in
2972 3336 3257 3398 carnem,
3288 3318 3378 3382 ita
3403 3319 3598 3383 etiam
3625 3320 3910 3386 detentos
3937 3319 3994 3382 in

2461 3424 2711 3492 inferno
2756 3426 3053 3491 liberavit
3078 3445 3192 3509 per
3219 3443 3554 3506 egressum
3581 3446 3786 3492 suum
3820 3447 3860 3491 a
3878 3443 3993 3492 car·

2462 3548 2546 3595 ne
2603 3550 2621 3597 z
2670 3531 2781 3597 sed
2830 3532 3226 3598 adveniendo
3284 3533 3356 3596 in
3412 3532 3623 3614 terriS,
3681 3535 3995 3600 nobiscum

2463 3643 2874 3703 conversatus
2897 3642 3075 3703 estet
3091 3639 3257 3704 vixit
3285 3658 3303 3703 ε
3335 3657 3495 3721 ergo
3544 3642 3908 3720 moriendo,
3933 3638 3995 3704 ad

2462 3744 2710 3809 inferna
2734 3745 3078 3810 descendit.

2544 3851 2667 3918 Sed
2690 3858 2944 3917 contra:
2975 3857 3034 3917 1.
3058 3853 3466 3934 Augustinus
3490 3854 3581 3921 ad
3608 3856 3994 3931 Dardanum,
4014 3865 4113 3909 ΔΜ

2463 3964 2526 4024 et
2550 3961 2742 4024 etiam
2771 3976 2963 4043 super
3013 3960 3238 4026 Genesi
3281 3960 3372 4026 ad
3399 3962 3692 4029 litteram
3718 3967 3779 4030 ⁸:
3811 3988 3844 4025 α
3882 3961 3997 4027 Non

2463 4063 2642 4127 facile
2683 4063 2752 4126 in
2801 4062 3150 4147 Scripturis
3195 4082 3431 4129 nomen
3475 4064 3719 4131 inferni
3764 4068 3836 4131 in
3860 4068 4000 4132 bono

2464 4169 2815 4235 invenitur.
2844 4192 2874 4229 ι)
2910 4171 2979 4235 Si
3011 4189 3170 4254 ergo
3203 4170 3451 4236 Christo
3472 4173 3638 4238 nihil
3657 4176 3823 4240 mali
3847 4171 4000 4239 attri-

2464 4276 2794 4342 buendum
2846 4281 2965 4355 est,
2995 4278 3251 4342 videtur
3290 4278 3466 4362 quod
3500 4280 3799 4349 Christus
3823 4281 3903 4348 ad
3922 4281 4000 4344 in·

2463 4386 2643 4451 ferna
2667 4404 2799 4450 non
2822 4386 3245 4452 descenderit.

2545 4499 2606 4558 2.
2647 4494 2807 4559 item
2861 4495 3101 4577 optimo
3145 4495 3412 4561 debetur
3457 4496 3748 4579 optimus
3794 4499 3996 4565 locus:

2465 4601 2577 4664 sed
2627 4601 2847 4665 anima
2879 4600 3109 4665 Christi
3139 4607 3278 4666 erat
3321 4603 3588 4686 optima,
3618 4607 3686 4671 et
3734 4607 4002 4671 infernus

2466 4708 2602 4768 erat
2626 4703 2802 4768 locus
2857 4701 3242 4782 vilissimus;
3280 4722 3439 4785 ergo
3478 4724 3829 4789 nunquam
3858 4705 4001 4772 vide·

2464 4813 2572 4872 tur
2623 4807 2819 4872 fuisse
2864 4809 3252 4873 conveniens
3294 4810 3471 4894 quod
3512 4811 3740 4877 anima
3795 4809 4001 4879 Christi

2464 4914 2871 4981 descenderet
2900 4916 2978 4980 ad
3008 4916 3285 4980 inferna.

2466 5137 2515 5186 q.
2546 5132 2632 5184 xv,
2660 5121 2812 5172 Gabr.
2834 5118 3245 5179 niel.‚1118ent.,
3266 5118 3385 5170 dist.
3408 5131 3545 5183 1111,
3570 5136 3625 5187 q.
3657 5133 3676 5172 ι
3694 5160 3711 5185 ,
3736 5123 4003 5174 dub.1¹1.-

2462 5198 2486 5230 ¹
2512 5195 2644 5256 Act„
2674 5205 2733 5255 11,
2762 5196 2842 5244 24.
2864 5218 2927 5228 —
2946 5193 2967 5225 ³
2987 5192 3245 5250 Damaso„
3280 5191 3342 5241 de
3369 5191 3496 5241 Fide
3534 5194 3758 5259 orthod„
3792 5197 3879 5246 lib.
3918 5194 4002 5248 m,

2464 5280 2510 5315 c.
2528 5277 2671 5315 xxlx.
2691 5265 2778 5302 -δ
2788 5264 2920 5327 Luc„
2946 5276 2985 5328 1,
3004 5263 3171 5314 79.—⁸
3187 5265 3338 5326 Aug„
3360 5263 3433 5312 ad
3445 5264 3696 5328 Dar-dan„
3716 5268 3878 5332 Epist.
3895 5276 4001 5325 Lrn,

2462 5351 2507 5386 c.
2539 5346 2599 5398 11,
2626 5335 2693 5385 al.
2730 5347 3002 5398 ccxxxvn,
3027 5348 3081 5384 n.
3112 5338 3141 5384 6
3152 5349 3170 5396 ;
3204 5334 3264 5383 de
3300 5335 3475 5384 σακε.
3506 5336 3577 5384 ad
3603 5336 3734 5401 lin„
3779 5340 3869 5390 tib.
3900 5337 4000 5407 xli,

2461 5421 2505 5458 c.
2537 5418 2727 5470 xxxm,
2750 5420 2804 5457 n.
2836 5409 2915 5457 03.
