4185 6288
433 602 542 646 Con·

378 791 499 834 tatis.

614 449 737 509 2⁷2

1727 436 2363 506 SENTENTIARUM
2401 441 2551 507 LIB.
2598 441 2707 508 111.

619 578 900 644 vandam
962 575 1512 640 honorificentiam
1557 573 1759 639 Patris
1812 598 1828 638 ε
1878 575 2164 640 Christus
2269 576 2436 641 Deus
2497 578 2672 642 venit
2737 577 2830 640 sic
2899 597 3124 655 curare
3138 627 3156 657 ,
3209 584 3273 645 et
3325 581 3416 644 sic
3468 581 3817 664 disposuit,

388 665 594 771 ‘3222ae
620 686 793 749 enim
821 684 1173 749 secundum
1197 682 1682 765 generationem
1706 687 2013 747 aeternam
2039 683 2163 745 ha-

622 793 810 857 bebat
835 790 1083 856 Patrem
1116 815 1130 854 :
1168 794 1232 854 et
1267 809 1416 854 cum
1455 789 1571 854 iste
1599 789 1785 872 plene
1828 790 1948 852 sibi
1985 789 2163 853 suffi-

621 906 789 965 ceret
829 901 896 963 in
937 899 1142 977 coeliS,
1195 916 1326 962 non
1370 898 1548 962 venit
1588 898 1657 960 in
1693 898 1879 961 terris
1919 900 2167 979 patrem

620 1026 930 1090 quaerere,
961 1008 1069 1071 sed
1099 1006 1307 1070 solum
1334 1010 1626 1082 matrem,
1661 1024 1742 1069 ue
1769 1005 2022 1068 duobus
2052 1022 2164 1085 pa-

618 1116 824 1179 tribus
859 1115 1033 1180 filius
1091 1115 1398 1193 existenS,
1447 1114 1743 1177 neutrius
1787 1118 1949 1176 esset
1991 1112 2168 1175 filius

619 1224 836 1305 plene,
891 1229 954 1288 et
1003 1223 1091 1287 sic
1140 1222 1378 1305 injuria
1425 1221 1633 1304 primo
1681 1221 1845 1303 patri
1890 1220 2168 1302 quodam

621 1333 812 1396 modo
843 1334 1042 1396 fleret.
1074 1330 1284 1395 Tertia
1311 1333 1406 1394 est
1429 1334 1687 1413 propter
1726 1327 2169 1411 complendam

621 1440 1072 1521 perfectionem
1095 1438 1528 1503 universitatis
1546 1437 1615 1499 in
1630 1436 1837 1500 modis
1859 1434 2170 1499 educendi

621 1545 951 1628 hominem
976 1548 1046 1610 in
1073 1565 1208 1611 esse
1244 1569 1260 1611 ε
1295 1546 1451 1629 quia
1485 1564 1637 1610 cum
1679 1549 1842 1609 esset
1885 1544 2168 1628 quadru-

623 1652 774 1736 plex
800 1655 1032 1719 modus
1051 1653 1360 1717 educendi
1387 1653 1714 1717 hominem
1741 1653 1812 1715 in
1839 1671 1974 1715 esse
1991 1700 2010 1731 ,
2050 1651 2176 1714 sci-

623 1761 770 1825 licet
794 1763 873 1826 de
895 1763 1036 1826 viro
1064 1765 1127 1825 et
1154 1760 1452 1839 muliere,
1491 1779 1610 1824 uec
1638 1760 1715 1824 de
1757 1759 1898 1824 viro
1934 1778 2052 1823 nec
2096 1760 2174 1822 de

627 1869 916 1948 muliere,
963 1870 1041 1933 de
1068 1870 1207 1933 viro
1252 1868 1387 1932 sine
1442 1868 1740 1945 muliere,
1783 1868 1862 1932 de
1903 1867 2174 1930 muliere

627 1975 765 2037 sine
791 1975 955 2054 viro,
987 1979 1114 2039 tres
1141 1975 1332 2057 primi
1371 1975 1544 2039 modi
1583 1979 2035 2058 praecesse'rant
2067 1997 2082 2039 ε
2113 1976 2178 2038 et

628 2085 770 2148 ideo
795 2103 927 2149 non
949 2085 1245 2162 restabat,
1276 2084 1401 2147 nisi
1416 2088 1489 2149 ut
1504 2084 1670 2148 Deus
1700 2088 2006 2166 quartum
2034 2102 2176 2148 mo-

628 2191 784 2256 dum
808 2192 1099 2270 adderet3
1129 2192 1299 2274 quod
1321 2210 1452 2255 non
1469 2192 1735 2271 fecisset,
1758 2192 1812 2254 si
1835 2192 1957 2256 alio
1985 2192 2177 2255 modo

629 2303 968 2382 conceptus
1011 2305 1194 2364 esset.
1236 2297 1473 2375 Quarta
1516 2299 1678 2362 ratio
1695 2346 1712 2374 ‚
1746 2302 2003 2381 propter
2033 2318 2175 2363 cor·-

630 2406 1142 2490 respondentiam
1167 2405 1585 2488 congruitatis
1608 2405 1825 2487 lapsus
1843 2411 1906 2469 et
1927 2425 2181 2488 repara-

630 2515 841 2594 tionis,
872 2518 948 2580 ut
972 2515 1137 2578 sicut
1158 2516 1375 2596 lapsus
1419 2503 1516 2577 est
1553 2512 1757 2576 sactus
1802 2512 1869 2574 in
1904 2517 2180 2594 utroque

632 2640 814 2699 sexu,
839 2623 944 2686 sed
977 2621 1185 2703 primo
1213 2623 1277 2684 in
1308 2620 1578 2683 muliere
1609 2624 1704 2682 est
1729 2620 2086 2697 inchoatus,
2119 2622 2182 2683 et

631 2729 700 2791 in
734 2729 875 2792 viro
918 2733 1429 2807 consummatuS,
1477 2729 1569 2790 sic
1605 2732 1768 2791 esset
1808 2727 1876 2789 in
1917 2746 2182 2809 repara-

630 2837 828 2915 tione,
859 2841 933 2900 ut
958 2836 1191 2899 mulier
1216 2834 1527 2932 credendo
1554 2838 1617 2898 et
1642 2833 2050 2916 concipiendo
2077 2835 2183 2898 in-

635 2943 870 3025 ciperet
888 2943 1211 3007 diabolum
1238 2960 1542 3024 superare
1581 2941 1648 3004 in
1685 2942 2072 3019 abscondit0‚
2121 2947 2185 3006 et

635 3054 851 3131 postea
901 3049 1100 3114 Filius
1127 3049 1198 3112 in
1239 3049 1569 3113 manifesto
1613 3067 1765 3113 eum
1801 3050 2080 3114 vinceret
2113 3051 2182 3113 in

636 3156 870 3233 duello,
900 3157 1135 3221 scilicet
1162 3157 1231 3218 in
1256 3156 1466 3220 crucis
1497 3155 1800 3239 patibulo,
1837 3155 1912 3220 Et
1953 3175 2182 3221 couce-

636 3262 861 3328 dendae
908 3268 1059 3326 sunt
1099 3264 1378 3328 rationes
1399 3312 1416 3341 ,
1464 3282 1614 3346 quae
1659 3263 2064 3328 adducuntur
2104 3263 2183 3328 ad

637 3374 884 3452 partem
910 3370 1122 3434 istam.

720 3483 781 3540 1.
811 3477 908 3541 Ad
936 3477 1093 3541 illud
1139 3495 1297 3559 ergo
1336 3476 1506 3560 quod
1547 3477 1755 3559 primo
1789 3477 2089 3560 objicitur
2115 3478 2185 3541 in

639 3585 1059 3660 eontrarium,
1103 3585 1278 3667 quod
1312 3584 1527 3649 decuit
1554 3584 1768 3666 ipsum
1820 3603 1934 3666 per
1968 3585 2187 3649 omnia

637 3692 941 3756 fratribus
976 3691 1311 3755 assimilari
1325 3741 1343 3771 ,
1377 3691 1716 3755 dicendum
1757 3691 1929 3773 quod
1955 3709 2185 3755 verum

639 3805 734 3864 est
760 3799 839 3864 de
864 3800 966 3863 his
991 3816 1139 3882 quae
1164 3799 1243 3863 ad
1271 3803 1555 3862 nostram
1580 3799 1850 3862 salutem
1877 3803 1940 3862 et
1966 3798 2188 3863 erudi-

638 3908 878 3971 tionem
903 3911 1055 3970 sunt
1080 3905 1401 3984 ordinata3
1443 3905 1552 3969 sed
1595 3905 1740 3968 talis
1774 3905 2002 3969 modus
2037 3924 2186 3969 nas-

641 4013 823 4078 cendi
853 4031 971 4077 nec
1000 4016 1234 4076 nostrae
1281 4011 1490 4090 saluti,
1542 4029 1660 4074 nec
1704 4016 1940 4075 nostrae
1972 4012 2189 4076 erudi-

641 4121 802 4185 tioni
829 4121 986 4184 adeo
1011 4118 1333 4202 competit,
1365 4118 1530 4182 sicut
1553 4118 1658 4181 ille
1684 4136 1881 4200 quem
1906 4117 2190 4185 Christus

642 4228 840 4309 elegit
865 4248 881 4291 ι
910 4232 974 4290 et
994 4225 1138 4290 ideo
1156 4230 1471 4307 quantum
1496 4224 1577 4288 ad
1605 4223 1902 4288 nascendi
1921 4225 2188 4290 modum

641 4352 773 4399 non
808 4333 1030 4398 debuit
1053 4331 1340 4395 similari.
1375 4329 1690 4395 Praeterea
1716 4329 1840 4394 alia
1873 4332 2034 4396 ratio
2065 4337 2182 4412 est,

643 4442 797 4524 quia
822 4458 942 4504 nos
966 4458 1081 4523 per
1110 4439 1301 4503 talem
1329 4437 1591 4503 modum
1613 4437 1910 4503 nascendi
1936 4443 2191 4504 contra-

643 4548 860 4612 himus
887 4546 1221 4611 morbum:
1245 4546 1355 4610 sed
1373 4545 1660 4610 Christus
1682 4546 1890 4610 bonus
1908 4547 2192 4612 medicus

644 4655 953 4719 immunis
980 4673 1021 4717 a
1046 4654 1270 4718 morbo
1291 4653 1511 4718 debuit
1531 4671 1703 4717 esse:
1729 4652 1883 4716 hinc
1905 4656 2190 4737 estquod

647 4761 718 4826 in
743 4761 856 4826 tali
886 4761 1075 4825 modo
1104 4760 1399 4824 nascendi
1426 4778 1556 4823 non
1583 4760 1802 4824 debuit
1832 4762 2019 4826 nobis
2043 4763 2193 4826 assi-

648 4869 879 4949 milari,
911 4886 1030 4931 nec
1056 4867 1388 4933 nobiscum
1412 4868 1778 4933 convenire.

728 4982 790 5041 Ξ.
821 4976 920 5040 Ad
963 4976 1122 5040 illud
1168 4976 1341 5060 quod
1383 4975 1708 5059 objicitur,
1756 4977 1930 5059 quod
1972 4964 2193 5041 debuit

650 5085 737 5148 sic
791 5086 993 5165 nasci,
1025 5089 1098 5150 ut
1145 5103 1263 5149 nos
1311 5089 1599 5163 curaret,
1634 5083 1976 5148 dicendum
2020 5086 2193 5167 quod

2273 686 2348 747 ut
2419 689 2672 748 curaret
2751 702 3086 766 personam
3100 735 3117 764 ,
3191 705 3324 751 non
3413 692 3488 752 ut
3568 692 3824 752 curaret

2274 792 2477 874 ipsam
2538 797 2856 856 naturam.
2944 792 3124 857 Unde
3192 794 3508 858 medicina
3594 793 3825 858 Christi

2275 917 2410 962 non
2437 899 2629 964 habet
2655 900 2725 963 in
2754 902 2938 964 nobis
2959 901 3305 965 efficaciam
3334 902 3404 965 in
3442 905 3590 966 actu
3627 920 3826 983 gene-

2276 1007 2563 1086 rationis,
2612 1009 2721 1072 sed
2759 1008 2830 1071 in
2869 1014 3016 1074 actu
3070 1010 3588 1090 regenerationis,
3636 1009 3823 1088 Quae,

2278 1113 2567 1195 inquam,
2592 1115 2991 1195 regeneratio
3011 1133 3143 1180 non
3165 1121 3258 1180 est
3275 1134 3358 1180 ex
3373 1134 3562 1180 carne
3580 1119 3645 1179 et
3671 1134 3826 1180 san-

2279 1220 2506 1300 guiue,
2531 1221 2640 1285 sed
2667 1240 2751 1285 ex
2778 1240 2948 1303 aqua
2968 1227 3036 1285 et
3055 1221 3298 1305 Spiritu
3314 1227 3531 1286 sancto
3557 1244 3571 1285 z
3602 1228 3667 1286 et
3682 1222 3829 1286 ideo

2280 1344 2412 1390 non
2439 1328 2740 1409 oportuit,
2772 1346 2889 1391 nee
2919 1328 3129 1392 decuit
3150 1347 3303 1392 eum
3317 1328 3407 1393 sic
3439 1330 3635 1408 nasci,
3667 1329 3835 1392 sicut

2281 1452 2400 1499 nos
2424 1436 2770 1515 nascimur,
2810 1455 2961 1501 cum
2998 1437 3182 1500 illum
3232 1437 3504 1501 modum
3525 1436 3835 1500 nascendi

2281 1561 2413 1606 non
2440 1543 2819 1625 disposuerit
2843 1546 3187 1610 immutare
3219 1563 3335 1627 per
3362 1563 3558 1609 suum
3583 1545 3835 1610 adven-

2282 1653 2424 1713 tum
2441 1699 2459 1729 ,
2504 1656 2578 1715 ut
2606 1653 2764 1717 ssdes
2806 1653 3068 1717 haberet
3120 1653 3421 1717 meritum
3472 1670 3490 1715 ε
3547 1652 3838 1734 alioquin

2282 1758 2863 1839 deprehenderetur
2892 1761 3051 1826 fides
3075 1780 3190 1845 per
3227 1762 3590 1826 humanum
3630 1779 3837 1843 expe—

2283 1865 2657 1943 rimentum,
2689 1868 2851 1933 sicut
2878 1869 3033 1933 alias
3060 1874 3122 1933 et
3150 1870 3219 1932 in
3245 1874 3495 1952 quarto,
3524 1871 3590 1933 et
3632 1869 3702 1931 in
3729 1887 3832 1933 se-

2285 1974 2494 2038 cundo
2522 1975 2644 2038 fuit
2666 1981 3015 2041 ostensum.

2366 2086 2425 2149 3.
2460 2082 2557 2146 Ad
2578 2083 2731 2146 illud
2761 2085 2930 2166 quod
2959 2083 3278 2165 objicitur,
3309 2082 3482 2165 quod
3502 2082 3838 2164 aequaliter

2288 2195 2548 2254 venerat
2573 2190 2819 2255 salvare
2838 2195 3187 2274 utrumque
3213 2208 3463 2268 sexum,
3489 2189 3835 2253 dicendum

2287 2298 2459 2380 quod
2505 2316 2734 2363 verum
2774 2304 2869 2385 est
2919 2322 2934 2363 ε
2982 2304 3262 2363 attamen
3300 2298 3552 2364 virilem
3602 2314 3840 2361 sexum

2285 2410 2594 2486 tanquam
2649 2405 3007 2486 digniorem
3056 2406 3334 2488 quodam
3386 2404 3575 2469 modo
3626 2403 3841 2484 magis

2286 2511 2507 2575 debuit
2529 2531 2826 2594 pensare:
2849 2519 2913 2577 et
2936 2531 3166 2577 sexum
3183 2499 3437 2577 virilem
3463 2508 3833 2592 assumpsit,

2287 2619 2441 2701 quia
2478 2620 2689 2701 magis
2717 2626 3080 2703 competens
3105 2620 3263 2684 suit:
3287 2620 3393 2682 sed
3418 2618 3573 2701 quia
3599 2618 3837 2681 mulier

2288 2726 2369 2789 ab
2396 2728 2537 2808 ejus
2554 2727 3007 2810 redemptionis
3031 2726 3410 2791 sufficientia
3424 2741 3839 2807 nequaquam

2290 2836 2429 2897 erat
2461 2835 2876 2914 excludenda,
2907 2835 3049 2899 ideo
3085 2834 3430 2917 assumpsit
3469 2850 3724 2896 carnem
3755 2831 3842 2895 de

2293 2940 2581 3005 muliere.
2632 2941 2777 3005 Ideo
2831 2941 3171 3005 dicendum
3228 2940 3400 3023 quod
3446 2940 3557 3003 illa
3604 2938 3843 3002 divisio

2291 3066 2422 3112 non
2451 3053 2545 3112 est
2586 3050 2935 3129 sufficienS,
2966 3065 3113 3130 quae
3141 3048 3293 3112 dicit
3341 3069 3356 3111 ε
3397 3070 3428 3107 <1
3456 3047 3587 3109 Aut
3605 3045 3833 3110 debuit

2290 3175 2613 3222 assumere
2640 3163 2987 3240 utrumque
3013 3175 3272 3237 sexum,
3302 3160 3416 3221 aut
3453 3156 3531 3220 de
3556 3159 3832 3236 utroque

2291 3284 2481 3347 sexu3
2513 3288 2545 3326 x>
2596 3270 2692 3330 est
2717 3266 2891 3329 enim
2919 3264 3205 3328 medium
3237 3285 3252 3326 ε
3295 3285 3326 3323 α
3354 3263 3484 3326 Aut
3509 3279 3719 3327 unum
3745 3261 3830 3325 de

2290 3375 2511 3452 altero,
2536 3396 2566 3433 ι)
2602 3373 2765 3437 sicut
2789 3371 3043 3436 virilem
3070 3371 3149 3435 de
3186 3369 3485 3434 muliebri
3514 3389 3532 3434 ε
3574 3373 3636 3433 et
3673 3372 3836 3432 tunc

2292 3486 2545 3545 tantum
2588 3479 2759 3544 valet
2775 3525 2793 3555 ‚
2822 3482 3157 3560 -quantum
3194 3476 3249 3540 si
3297 3475 3375 3540 de
3412 3479 3723 3558 utroqu03
3773 3478 3842 3538 et

2292 3589 2566 3671 amplius
2591 3587 2928 3651 concordat
2952 3584 3182 3649 rationi
3209 3588 3421 3648 rectae.

2374 3703 2435 3761 4.
2498 3695 2597 3759 Ad
2644 3694 2803 3760 illud
2851 3694 3025 3777 quod
3068 3692 3405 3774 objicitur,
3447 3692 3617 3774 quod
3655 3696 3844 3775 pater

2295 3809 2389 3868 est
2448 3803 2726 3867 nobilius
2784 3802 3169 3886 principium
3204 3848 3222 3878 ,
3272 3800 3615 3866 dicendum
3664 3802 3846 3883 quod

2295 3910 2577 3975 Christus
2640 3908 2946 3973 Dominus
3005 3926 3137 3972 non
3191 3911 3284 3971 est
3335 3908 3579 3990 absque
3631 3910 3841 3990 patre,

2294 4018 2436 4081 imo·
2448 4021 2695 4100 patrem
2713 4016 2903 4080 habet
2929 4016 3131 4080 Deum
3158 4018 3498 4094 aeternum,
3517 4016 3703 4106 quus
3728 4033 3845 4079 ex·
3932 4068 3945 4079 .

2295 4124 2584 4189 cellentia
2623 4127 2686 4187 et
2723 4123 3007 4204 dignitas
3033 4121 3561 4187 inaestimabiliter
3590 4122 3843 4187 excedit

2295 4250 2556 4296 omnem
2595 4236 2841 4315 patrem
2885 4235 3171 4294 creatum
3204 4252 3219 4293 ε
3264 4233 3327 4293 et
3354 4228 3495 4293 ideo
3523 4228 3694 4312 quod
3728 4229 3844 4292 alii

2296 4341 2536 4405 habent
2579 4345 2826 4423 patrem
2873 4341 3156 4402 creatum
3170 4384 3188 4414 ,
3220 4335 3505 4401 Christus
3530 4353 3684 4401 vero
3712 4337 3846 4400 mi-

2297 4451 2475 4514 nime
2499 4499 2517 4529 ,
2546 4450 2667 4513 hoc
2694 4465 2826 4512 non
2851 4449 2948 4510 est
2986 4449 3240 4529 propter
3275 4446 3587 4526 majorem
3620 4444 3844 4525 digni·

2297 4560 2494 4621 tatem
2516 4556 2789 4620 aliorum
2824 4557 3115 4636 respectu
3147 4551 3397 4617 Christi.
3432 4549 3637 4615 Habet
3663 4553 3849 4616 enim

2299 4664 2583 4729 Christus
2613 4663 2893 4745 aliquem
2918 4660 3058 4724 loco
3077 4659 3276 4741 patris
3301 4658 3513 4737 creati,
3538 4658 3656 4741 qui
3681 4660 3849 4725 adeo

2300 4773 2395 4837 est
2438 4770 2689 4847 nobilis,
2740 4773 2813 4833 ut
2841 4774 2860 4810 ¹
2899 4783 2982 4833 esc
3023 4768 3166 4848 ipso
3217 4768 3588 4831 nominetur
3628 4742 3867 4833 omni-3⁸

2296 4880 2659 4962 paternitas
2685 4878 2761 4943 in
2788 4875 2987 4951 coelis,
3017 4875 3186 4941 etin
3208 4874 3416 4939 terris.

2364 5110 2383 5144 ¹
2409 5108 2614 5174 Ephes„
2640 5120 2723 5173 111,
2745 5108 2821 5159 ¹5.
