<?xml version="1.0" encoding="UTF-8"?>
<!DOCTYPE html PUBLIC "-//W3C//DTD XHTML 1.0 Transitional//EN"
    "http://www.w3.org/TR/xhtml1/DTD/xhtml1-transitional.dtd">
<html xmlns="http://www.w3.org/1999/xhtml" xml:lang="en" lang="en">
 <head>
  <title>
</title>
<meta http-equiv="Content-Type" content="text/html;charset=utf-8" />
  <meta name='ocr-system' content='tesseract 3.04.00' />
  <meta name='ocr-capabilities' content='ocr_page ocr_carea ocr_par ocr_line ocrx_word'/>
</head>
<body>
  <div class='ocr_page' id='page_1' title='image "./srecardinalissb01cargoog_0541.png"; bbox 0 0 4185 6288; ppageno 0'>
   <div class='ocr_carea' id='block_1_1' title="bbox 1182 462 2591 540">
    <p class='ocr_par' dir='ltr' id='par_1_1' title="bbox 1182 462 2591 540">
     <span class='ocr_line' id='line_1_1' title="bbox 1182 462 2591 540; baseline 0.001 -12"><span class='ocrx_word' id='word_1_1' title='bbox 1182 462 1560 531; x_wconf 76' lang='lat' dir='ltr'>DISTINCT.</span> <span class='ocrx_word' id='word_1_2' title='bbox 1605 463 1817 533; x_wconf 74' lang='lat' dir='ltr'>XXW.</span> <span class='ocrx_word' id='word_1_3' title='bbox 1861 463 2049 531; x_wconf 71' lang='grc' dir='ltr'>ΛΒΤ.</span> <span class='ocrx_word' id='word_1_4' title='bbox 2095 462 2144 528; x_wconf 87' lang='grc' dir='ltr'>Ι.</span> <span class='ocrx_word' id='word_1_5' title='bbox 2194 462 2495 540; x_wconf 76' lang='lat' dir='ltr'><strong>QUAEST.</strong></span> <span class='ocrx_word' id='word_1_6' title='bbox 2542 465 2591 530; x_wconf 91' lang='lat'>1.</span> 
     </span>
    </p>
   </div>
   <div class='ocr_carea' id='block_1_2' title="bbox 217 597 1842 4985">
    <p class='ocr_par' dir='ltr' id='par_1_2' title="bbox 217 597 1836 1633">
     <span class='ocr_line' id='line_1_2' title="bbox 284 597 1835 684; baseline 0.002 -20"><span class='ocrx_word' id='word_1_7' title='bbox 284 616 528 665; x_wconf 87' lang='lat' dir='ltr'>causa:</span> <span class='ocrx_word' id='word_1_8' title='bbox 590 599 657 665; x_wconf 83' lang='lat' dir='ltr'>et</span> <span class='ocrx_word' id='word_1_9' title='bbox 694 597 840 663; x_wconf 83' lang='lat' dir='ltr'>talis</span> <span class='ocrx_word' id='word_1_10' title='bbox 888 602 985 665; x_wconf 89' lang='lat' dir='ltr'>est</span> <span class='ocrx_word' id='word_1_11' title='bbox 1025 598 1309 680; x_wconf 86' lang='lat' dir='ltr'>cognitio</span> <span class='ocrx_word' id='word_1_12' title='bbox 1350 599 1499 664; x_wconf 79' lang='lat' dir='ltr'>fidei</span> <span class='ocrx_word' id='word_1_13' title='bbox 1519 647 1540 677; x_wconf 86' lang='lat'>‚</span> <span class='ocrx_word' id='word_1_14' title='bbox 1579 603 1646 664; x_wconf 88' lang='lat' dir='ltr'>et</span> <span class='ocrx_word' id='word_1_15' title='bbox 1680 617 1835 684; x_wconf 89' lang='lat' dir='ltr'>pro-</span> 
     </span>
     <span class='ocr_line' id='line_1_3' title="bbox 284 703 1829 788; baseline 0.001 -18"><span class='ocrx_word' id='word_1_16' title='bbox 284 703 520 788; x_wconf 83' lang='lat' dir='ltr'>phetiae</span> <span class='ocrx_word' id='word_1_17' title='bbox 546 753 567 785; x_wconf 90' lang='lat'><strong>,</strong></span> <span class='ocrx_word' id='word_1_18' title='bbox 606 708 674 769; x_wconf 89' lang='lat' dir='ltr'>et</span> <span class='ocrx_word' id='word_1_19' title='bbox 714 705 1052 787; x_wconf 82' lang='lat' dir='ltr'>cujuslibet</span> <span class='ocrx_word' id='word_1_20' title='bbox 1089 705 1502 772; x_wconf 83' lang='lat' dir='ltr'>revelationis</span> <span class='ocrx_word' id='word_1_21' title='bbox 1549 706 1788 772; x_wconf 79' lang='lat' dir='ltr'>divinae</span> <span class='ocrx_word' id='word_1_22' title='bbox 1810 754 1829 787; x_wconf 92' lang='lat'>,</span> 
     </span>
     <span class='ocr_line' id='line_1_4' title="bbox 283 813 1835 897; baseline 0.001 -20"><span class='ocrx_word' id='word_1_23' title='bbox 283 831 434 897; x_wconf 79' lang='lat' dir='ltr'>quae</span> <span class='ocrx_word' id='word_1_24' title='bbox 481 831 615 878; x_wconf 90' lang='lat' dir='ltr'>non</span> <span class='ocrx_word' id='word_1_25' title='bbox 660 813 895 896; x_wconf 80' lang='lat' dir='ltr'>pendet</span> <span class='ocrx_word' id='word_1_26' title='bbox 935 814 1017 879; x_wconf 90' lang='lat' dir='ltr'>ab</span> <span class='ocrx_word' id='word_1_27' title='bbox 1053 832 1130 881; x_wconf 91' lang='lat' dir='ltr'>eo</span> <span class='ocrx_word' id='word_1_28' title='bbox 1178 814 1352 896; x_wconf 85' lang='lat' dir='ltr'>quod</span> <span class='ocrx_word' id='word_1_29' title='bbox 1378 814 1678 895; x_wconf 87' lang='lat' dir='ltr'>creditur,</span> <span class='ocrx_word' id='word_1_30' title='bbox 1729 816 1835 880; x_wconf 89' lang='lat' dir='ltr'>vel</span> 
     </span>
     <span class='ocr_line' id='line_1_5' title="bbox 217 916 1834 1001; baseline 0.001 -19"><span class='ocrx_word' id='word_1_31' title='bbox 217 923 228 936; x_wconf 85' lang='lat'><strong>‘</strong></span> <span class='ocrx_word' id='word_1_32' title='bbox 281 917 458 1001; x_wconf 85' lang='lat' dir='ltr'>quod</span> <span class='ocrx_word' id='word_1_33' title='bbox 484 917 828 997; x_wconf 87' lang='lat' dir='ltr'>revelatur,</span> <span class='ocrx_word' id='word_1_34' title='bbox 859 916 970 983; x_wconf 87' lang='lat' dir='ltr'>sed</span> <span class='ocrx_word' id='word_1_35' title='bbox 992 918 1076 981; x_wconf 86' lang='lat' dir='ltr'>ab</span> <span class='ocrx_word' id='word_1_36' title='bbox 1105 916 1214 982; x_wconf 91' lang='lat' dir='ltr'>illo</span> <span class='ocrx_word' id='word_1_37' title='bbox 1243 916 1515 997; x_wconf 90' lang='lat' dir='ltr'>lumine,</span> <span class='ocrx_word' id='word_1_38' title='bbox 1531 936 1646 1000; x_wconf 88' lang='lat' dir='ltr'>per</span> <span class='ocrx_word' id='word_1_39' title='bbox 1662 919 1834 1001; x_wconf 87' lang='lat' dir='ltr'>quod</span> 
     </span>
     <span class='ocr_line' id='line_1_6' title="bbox 282 1029 1836 1114; baseline -0.001 -17"><span class='ocrx_word' id='word_1_40' title='bbox 282 1031 366 1097; x_wconf 84' lang='lat' dir='ltr'>ad</span> <span class='ocrx_word' id='word_1_41' title='bbox 391 1031 515 1097; x_wconf 92' lang='lat' dir='ltr'>hoc</span> <span class='ocrx_word' id='word_1_42' title='bbox 539 1029 1055 1112; x_wconf 86' lang='lat' dir='ltr'>cognoscendum</span> <span class='ocrx_word' id='word_1_43' title='bbox 1082 1030 1487 1096; x_wconf 85' lang='lat' dir='ltr'>illuminatur</span> <span class='ocrx_word' id='word_1_44' title='bbox 1516 1048 1535 1095; x_wconf 70' lang='grc' dir='ltr'><strong>ι</strong></span> <span class='ocrx_word' id='word_1_45' title='bbox 1578 1035 1643 1096; x_wconf 91' lang='lat' dir='ltr'>et</span> <span class='ocrx_word' id='word_1_46' title='bbox 1681 1032 1836 1114; x_wconf 84' lang='lat' dir='ltr'>quia</span> 
     </span>
     <span class='ocr_line' id='line_1_7' title="bbox 283 1138 1835 1206; baseline 0 -1"><span class='ocrx_word' id='word_1_47' title='bbox 283 1139 448 1205; x_wconf 89' lang='lat' dir='ltr'>illud</span> <span class='ocrx_word' id='word_1_48' title='bbox 471 1140 694 1205; x_wconf 90' lang='lat' dir='ltr'>lumen</span> <span class='ocrx_word' id='word_1_49' title='bbox 713 1142 963 1203; x_wconf 88' lang='lat' dir='ltr'>certum</span> <span class='ocrx_word' id='word_1_50' title='bbox 990 1140 1088 1204; x_wconf 91' lang='lat' dir='ltr'>est</span> <span class='ocrx_word' id='word_1_51' title='bbox 1111 1138 1306 1203; x_wconf 87' lang='lat' dir='ltr'>etiam</span> <span class='ocrx_word' id='word_1_52' title='bbox 1353 1139 1434 1204; x_wconf 90' lang='lat' dir='ltr'>de</span> <span class='ocrx_word' id='word_1_53' title='bbox 1476 1157 1549 1204; x_wconf 90' lang='lat' dir='ltr'>re</span> <span class='ocrx_word' id='word_1_54' title='bbox 1582 1140 1835 1206; x_wconf 83' lang='lat' dir='ltr'>contin-</span> 
     </span>
     <span class='ocr_line' id='line_1_8' title="bbox 283 1246 1831 1329; baseline 0 -17"><span class='ocrx_word' id='word_1_55' title='bbox 283 1250 501 1329; x_wconf 80' lang='lat' dir='ltr'>gente,</span> <span class='ocrx_word' id='word_1_56' title='bbox 530 1246 684 1311; x_wconf 89' lang='lat' dir='ltr'>hinc</span> <span class='ocrx_word' id='word_1_57' title='bbox 710 1249 807 1312; x_wconf 87' lang='lat' dir='ltr'>est</span> <span class='ocrx_word' id='word_1_58' title='bbox 842 1246 1017 1329; x_wconf 88' lang='lat' dir='ltr'>quod</span> <span class='ocrx_word' id='word_1_59' title='bbox 1041 1263 1193 1312; x_wconf 90' lang='lat' dir='ltr'>cum</span> <span class='ocrx_word' id='word_1_60' title='bbox 1220 1246 1477 1311; x_wconf 88' lang='lat' dir='ltr'>habitus</span> <span class='ocrx_word' id='word_1_61' title='bbox 1503 1246 1651 1313; x_wconf 85' lang='lat' dir='ltr'>fidei</span> <span class='ocrx_word' id='word_1_62' title='bbox 1678 1264 1831 1312; x_wconf 89' lang='lat' dir='ltr'>con-</span> 
     </span>
     <span class='ocr_line' id='line_1_9' title="bbox 283 1353 1835 1437; baseline 0 -18"><span class='ocrx_word' id='word_1_63' title='bbox 283 1355 597 1421; x_wconf 79' lang='lat' dir='ltr'>formetur</span> <span class='ocrx_word' id='word_1_64' title='bbox 618 1355 677 1419; x_wconf 92' lang='lat' dir='ltr'>ei</span> <span class='ocrx_word' id='word_1_65' title='bbox 700 1372 742 1419; x_wconf 86' lang='lat' dir='ltr'>a</span> <span class='ocrx_word' id='word_1_66' title='bbox 768 1372 900 1437; x_wconf 88' lang='lat' dir='ltr'>quo</span> <span class='ocrx_word' id='word_1_67' title='bbox 927 1353 1242 1437; x_wconf 76' lang='lat' dir='ltr'>dependet</span> <span class='ocrx_word' id='word_1_68' title='bbox 1258 1400 1279 1433; x_wconf 93' lang='lat'>‚</span> <span class='ocrx_word' id='word_1_69' title='bbox 1305 1371 1440 1418; x_wconf 88' lang='lat' dir='ltr'>non</span> <span class='ocrx_word' id='word_1_70' title='bbox 1483 1355 1690 1437; x_wconf 86' lang='lat' dir='ltr'>potest</span> <span class='ocrx_word' id='word_1_71' title='bbox 1713 1354 1835 1419; x_wconf 83' lang='lat' dir='ltr'>fal-</span> 
     </span>
     <span class='ocr_line' id='line_1_10' title="bbox 280 1461 1834 1545; baseline 0.001 -19"><span class='ocrx_word' id='word_1_72' title='bbox 280 1462 518 1526; x_wconf 89' lang='lat' dir='ltr'>sificari</span> <span class='ocrx_word' id='word_1_73' title='bbox 543 1480 661 1528; x_wconf 90' lang='lat' dir='ltr'>nec</span> <span class='ocrx_word' id='word_1_74' title='bbox 697 1461 996 1527; x_wconf 81' lang='lat' dir='ltr'>vacillare</span> <span class='ocrx_word' id='word_1_75' title='bbox 1033 1465 1292 1545; x_wconf 88' lang='lat' dir='ltr'>propter</span> <span class='ocrx_word' id='word_1_76' title='bbox 1331 1462 1834 1543; x_wconf 77' lang='lat' dir='ltr'>contingentiam</span> 
     </span>
     <span class='ocr_line' id='line_1_11' title="bbox 282 1568 527 1633; baseline 0 0"><span class='ocrx_word' id='word_1_77' title='bbox 282 1568 527 1633; x_wconf 88' lang='lat' dir='ltr'>crediti.</span> 
     </span>
    </p>

    <p class='ocr_par' dir='ltr' id='par_1_3' title="bbox 255 1675 1842 4985">
     <span class='ocr_line' id='line_1_12' title="bbox 363 1675 1833 1762; baseline 0 -20"><span class='ocrx_word' id='word_1_78' title='bbox 363 1681 425 1742; x_wconf 87' lang='lat'>3.</span> <span class='ocrx_word' id='word_1_79' title='bbox 457 1676 743 1743; x_wconf 86' lang='lat' dir='ltr'>Ad-illud</span> <span class='ocrx_word' id='word_1_80' title='bbox 767 1675 941 1760; x_wconf 87' lang='lat' dir='ltr'>quod</span> <span class='ocrx_word' id='word_1_81' title='bbox 969 1675 1300 1759; x_wconf 84' lang='lat' dir='ltr'>objicitur,</span> <span class='ocrx_word' id='word_1_82' title='bbox 1328 1677 1501 1759; x_wconf 87' lang='lat' dir='ltr'>quod</span> <span class='ocrx_word' id='word_1_83' title='bbox 1537 1677 1833 1762; x_wconf 86' lang='lat' dir='ltr'>possibile</span> 
     </span>
     <span class='ocr_line' id='line_1_13' title="bbox 265 1783 1832 1870; baseline 0 -20"><span class='ocrx_word' id='word_1_84' title='bbox 265 1787 491 1870; x_wconf 79' lang='lat' dir='ltr'>,potest</span> <span class='ocrx_word' id='word_1_85' title='bbox 510 1786 678 1849; x_wconf 84' lang='lat' dir='ltr'>stare</span> <span class='ocrx_word' id='word_1_86' title='bbox 702 1801 852 1849; x_wconf 87' lang='lat' dir='ltr'>cum</span> <span class='ocrx_word' id='word_1_87' title='bbox 876 1783 1164 1868; x_wconf 86' lang='lat' dir='ltr'>quolibet</span> <span class='ocrx_word' id='word_1_88' title='bbox 1182 1784 1537 1850; x_wconf 86' lang='lat' dir='ltr'>necessario</span> <span class='ocrx_word' id='word_1_89' title='bbox 1559 1835 1578 1865; x_wconf 86' lang='lat'>‚</span> <span class='ocrx_word' id='word_1_90' title='bbox 1609 1784 1832 1850; x_wconf 88' lang='lat' dir='ltr'>dicen-</span> 
     </span>
     <span class='ocr_line' id='line_1_14' title="bbox 261 1891 1833 1974; baseline -0.002 -15"><span class='ocrx_word' id='word_1_91' title='bbox 261 1892 444 1959; x_wconf 75' lang='lat' dir='ltr'>-dum</span> <span class='ocrx_word' id='word_1_92' title='bbox 486 1891 659 1974; x_wconf 87' lang='lat' dir='ltr'>quod</span> <span class='ocrx_word' id='word_1_93' title='bbox 708 1907 942 1959; x_wconf 80' lang='lat' dir='ltr'>verum</span> <span class='ocrx_word' id='word_1_94' title='bbox 995 1894 1123 1971; x_wconf 90' lang='lat' dir='ltr'>est;</span> <span class='ocrx_word' id='word_1_95' title='bbox 1182 1893 1462 1956; x_wconf 87' lang='lat' dir='ltr'>attamen</span> <span class='ocrx_word' id='word_1_96' title='bbox 1522 1892 1602 1956; x_wconf 84' lang='lat' dir='ltr'>ad</span> <span class='ocrx_word' id='word_1_97' title='bbox 1672 1892 1833 1958; x_wconf 88' lang='lat' dir='ltr'>illud</span> 
     </span>
     <span class='ocr_line' id='line_1_15' title="bbox 281 1998 1832 2084; baseline 0.001 -20"><span class='ocrx_word' id='word_1_98' title='bbox 281 1999 460 2084; x_wconf 88' lang='lat' dir='ltr'>quod</span> <span class='ocrx_word' id='word_1_99' title='bbox 505 1998 884 2082; x_wconf 83' lang='lat' dir='ltr'>subjungit,</span> <span class='ocrx_word' id='word_1_100' title='bbox 931 2000 1106 2082; x_wconf 88' lang='lat' dir='ltr'>quod</span> <span class='ocrx_word' id='word_1_101' title='bbox 1146 2000 1512 2083; x_wconf 90' lang='lat' dir='ltr'>oppositum</span> <span class='ocrx_word' id='word_1_102' title='bbox 1559 1999 1832 2082; x_wconf 84' lang='lat' dir='ltr'>alicujus</span> 
     </span>
     <span class='ocr_line' id='line_1_16' title="bbox 280 2102 1830 2185; baseline -0.001 -15"><span class='ocrx_word' id='word_1_103' title='bbox 280 2102 536 2170; x_wconf 76' lang='lat' dir='ltr'>articuli</span> <span class='ocrx_word' id='word_1_104' title='bbox 558 2105 653 2169; x_wconf 89' lang='lat' dir='ltr'>est</span> <span class='ocrx_word' id='word_1_105' title='bbox 679 2103 1058 2185; x_wconf 87' lang='lat' dir='ltr'>contingens</span> <span class='ocrx_word' id='word_1_106' title='bbox 1086 2122 1103 2169; x_wconf 72' lang='grc' dir='ltr'><strong>ε</strong></span> <span class='ocrx_word' id='word_1_107' title='bbox 1154 2104 1246 2167; x_wconf 93' lang='lat' dir='ltr'>sic</span> <span class='ocrx_word' id='word_1_108' title='bbox 1270 2106 1417 2167; x_wconf 82' lang='lat' dir='ltr'>ante</span> <span class='ocrx_word' id='word_1_109' title='bbox 1442 2103 1830 2170; x_wconf 86' lang='lat' dir='ltr'>incarnatio-</span> 
     </span>
     <span class='ocr_line' id='line_1_17' title="bbox 280 2210 1832 2292; baseline 0.001 -17"><span class='ocrx_word' id='word_1_110' title='bbox 280 2228 436 2275; x_wconf 87' lang='lat' dir='ltr'>nem</span> <span class='ocrx_word' id='word_1_111' title='bbox 487 2211 869 2292; x_wconf 83' lang='lat' dir='ltr'>contingens</span> <span class='ocrx_word' id='word_1_112' title='bbox 908 2213 1046 2276; x_wconf 88' lang='lat' dir='ltr'>erat</span> <span class='ocrx_word' id='word_1_113' title='bbox 1081 2210 1404 2275; x_wconf 86' lang='lat' dir='ltr'><strong>Christum</strong></span> <span class='ocrx_word' id='word_1_114' title='bbox 1450 2229 1583 2275; x_wconf 89' lang='lat' dir='ltr'>non</span> <span class='ocrx_word' id='word_1_115' title='bbox 1620 2211 1832 2276; x_wconf 88' lang='lat' dir='ltr'>incar-</span> 
     </span>
     <span class='ocr_line' id='line_1_18' title="bbox 281 2316 1832 2401; baseline 0.002 -19"><span class='ocrx_word' id='word_1_116' title='bbox 281 2316 428 2382; x_wconf 81' lang='lat' dir='ltr'>nari</span> <span class='ocrx_word' id='word_1_117' title='bbox 453 2321 520 2381; x_wconf 88' lang='lat' dir='ltr'>et</span> <span class='ocrx_word' id='word_1_118' title='bbox 538 2334 670 2381; x_wconf 90' lang='lat' dir='ltr'>non</span> <span class='ocrx_word' id='word_1_119' title='bbox 696 2317 829 2400; x_wconf 88' lang='lat' dir='ltr'>pati</span> <span class='ocrx_word' id='word_1_120' title='bbox 872 2340 889 2382; x_wconf 70' lang='grc' dir='ltr'><strong>ε</strong></span> <span class='ocrx_word' id='word_1_121' title='bbox 932 2316 1319 2400; x_wconf 86' lang='lat' dir='ltr'>respondent</span> <span class='ocrx_word' id='word_1_122' title='bbox 1352 2317 1551 2400; x_wconf 80' lang='lat' dir='ltr'><strong>aliqui</strong></span> <span class='ocrx_word' id='word_1_123' title='bbox 1585 2336 1702 2401; x_wconf 89' lang='lat' dir='ltr'>per</span> <span class='ocrx_word' id='word_1_124' title='bbox 1739 2319 1832 2385; x_wconf 89' lang='lat' dir='ltr'>in-</span> 
     </span>
     <span class='ocr_line' id='line_1_19' title="bbox 281 2424 1832 2508; baseline 0.003 -19"><span class='ocrx_word' id='word_1_125' title='bbox 281 2424 770 2506; x_wconf 86' lang='lat' dir='ltr'>teremptionem</span> <span class='ocrx_word' id='word_1_126' title='bbox 785 2470 809 2503; x_wconf 87' lang='lat'>‚</span> <span class='ocrx_word' id='word_1_127' title='bbox 834 2442 953 2508; x_wconf 91' lang='lat' dir='ltr'>pro</span> <span class='ocrx_word' id='word_1_128' title='bbox 986 2442 1065 2489; x_wconf 87' lang='lat' dir='ltr'>eo</span> <span class='ocrx_word' id='word_1_129' title='bbox 1087 2425 1262 2507; x_wconf 86' lang='lat' dir='ltr'>quod</span> <span class='ocrx_word' id='word_1_130' title='bbox 1288 2425 1368 2490; x_wconf 88' lang='lat' dir='ltr'>de</span> <span class='ocrx_word' id='word_1_131' title='bbox 1397 2425 1832 2493; x_wconf 78' lang='lat' dir='ltr'>incarnatione</span> 
     </span>
     <span class='ocr_line' id='line_1_20' title="bbox 281 2531 1831 2616; baseline -0.001 -19"><span class='ocrx_word' id='word_1_132' title='bbox 281 2536 347 2597; x_wconf 86' lang='lat' dir='ltr'>et</span> <span class='ocrx_word' id='word_1_133' title='bbox 386 2531 685 2616; x_wconf 72' lang='lat' dir='ltr'>passione</span> <span class='ocrx_word' id='word_1_134' title='bbox 730 2549 866 2598; x_wconf 92' lang='lat' dir='ltr'>non</span> <span class='ocrx_word' id='word_1_135' title='bbox 908 2533 1005 2597; x_wconf 85' lang='lat' dir='ltr'>est</span> <span class='ocrx_word' id='word_1_136' title='bbox 1048 2532 1356 2599; x_wconf 83' lang='lat' dir='ltr'>articulus</span> <span class='ocrx_word' id='word_1_137' title='bbox 1397 2535 1718 2615; x_wconf 88' lang='lat' dir='ltr'>quantum</span> <span class='ocrx_word' id='word_1_138' title='bbox 1750 2532 1831 2596; x_wconf 93' lang='lat' dir='ltr'>ad</span> 
     </span>
     <span class='ocr_line' id='line_1_21' title="bbox 281 2636 1832 2722; baseline -0.001 -16"><span class='ocrx_word' id='word_1_139' title='bbox 281 2643 614 2721; x_wconf 84' lang='lat' dir='ltr'>eventum,</span> <span class='ocrx_word' id='word_1_140' title='bbox 636 2639 812 2722; x_wconf 86' lang='lat' dir='ltr'>quod</span> <span class='ocrx_word' id='word_1_141' title='bbox 831 2638 922 2706; x_wconf 86' lang='lat' dir='ltr'>ita</span> <span class='ocrx_word' id='word_1_142' title='bbox 944 2639 1240 2719; x_wconf 87' lang='lat' dir='ltr'>eveniat,</span> <span class='ocrx_word' id='word_1_143' title='bbox 1264 2639 1376 2705; x_wconf 90' lang='lat' dir='ltr'>sed</span> <span class='ocrx_word' id='word_1_144' title='bbox 1402 2636 1723 2722; x_wconf 81' lang='lat' dir='ltr'>quantum</span> <span class='ocrx_word' id='word_1_145' title='bbox 1750 2639 1832 2705; x_wconf 85' lang='lat' dir='ltr'>ad</span> 
     </span>
     <span class='ocr_line' id='line_1_22' title="bbox 281 2745 1832 2830; baseline -0.001 -17"><span class='ocrx_word' id='word_1_146' title='bbox 281 2746 599 2828; x_wconf 88' lang='lat' dir='ltr'>ordinem,</span> <span class='ocrx_word' id='word_1_147' title='bbox 624 2746 796 2830; x_wconf 87' lang='lat' dir='ltr'>quod</span> <span class='ocrx_word' id='word_1_148' title='bbox 814 2746 904 2811; x_wconf 89' lang='lat' dir='ltr'>ita</span> <span class='ocrx_word' id='word_1_149' title='bbox 930 2749 1268 2828; x_wconf 86' lang='lat' dir='ltr'>congruat.</span> <span class='ocrx_word' id='word_1_150' title='bbox 1302 2745 1480 2812; x_wconf 88' lang='lat' dir='ltr'>Unde</span> <span class='ocrx_word' id='word_1_151' title='bbox 1505 2745 1832 2812; x_wconf 87' lang='lat' dir='ltr'>Abraham</span> 
     </span>
     <span class='ocr_line' id='line_1_23' title="bbox 281 2853 1834 2934; baseline -0.002 -13"><span class='ocrx_word' id='word_1_152' title='bbox 281 2873 418 2921; x_wconf 90' lang='lat' dir='ltr'>non</span> <span class='ocrx_word' id='word_1_153' title='bbox 443 2855 708 2921; x_wconf 88' lang='lat' dir='ltr'>credidit</span> <span class='ocrx_word' id='word_1_154' title='bbox 731 2854 1053 2920; x_wconf 79' lang='lat' dir='ltr'>Christum</span> <span class='ocrx_word' id='word_1_155' title='bbox 1077 2854 1435 2934; x_wconf 86' lang='lat' dir='ltr'>incarnari,</span> <span class='ocrx_word' id='word_1_156' title='bbox 1465 2855 1577 2919; x_wconf 90' lang='lat' dir='ltr'>sed</span> <span class='ocrx_word' id='word_1_157' title='bbox 1622 2853 1834 2919; x_wconf 90' lang='lat' dir='ltr'>Chris-</span> 
     </span>
     <span class='ocr_line' id='line_1_24' title="bbox 255 2961 1827 3042; baseline -0.002 -12"><span class='ocrx_word' id='word_1_158' title='bbox 255 2967 426 3030; x_wconf 72' lang='lat' dir='ltr'>-tum</span> <span class='ocrx_word' id='word_1_159' title='bbox 450 2980 588 3028; x_wconf 89' lang='lat' dir='ltr'>esse</span> <span class='ocrx_word' id='word_1_160' title='bbox 614 2962 1103 3042; x_wconf 82' lang='lat' dir='ltr'>incarnandum,</span> <span class='ocrx_word' id='word_1_161' title='bbox 1132 2965 1208 3026; x_wconf 84' lang='lat' dir='ltr'>ut</span> <span class='ocrx_word' id='word_1_162' title='bbox 1224 2963 1337 3026; x_wconf 84' lang='lat' dir='ltr'>flat</span> <span class='ocrx_word' id='word_1_163' title='bbox 1361 2961 1462 3028; x_wconf 79' lang='lat' dir='ltr'>vis</span> <span class='ocrx_word' id='word_1_164' title='bbox 1488 2962 1560 3025; x_wconf 92' lang='lat' dir='ltr'>in</span> <span class='ocrx_word' id='word_1_165' title='bbox 1581 2962 1779 3028; x_wconf 79' lang='lat' dir='ltr'>verbo</span> <span class='ocrx_word' id='word_1_166' title='bbox 1812 2984 1827 3027; x_wconf 77' lang='grc' dir='ltr'><strong>ε</strong></span> 
     </span>
     <span class='ocr_line' id='line_1_25' title="bbox 280 3068 1834 3156; baseline 0 -21"><span class='ocrx_word' id='word_1_167' title='bbox 280 3071 439 3156; x_wconf 81' lang='lat' dir='ltr'>quia</span> <span class='ocrx_word' id='word_1_168' title='bbox 462 3070 783 3135; x_wconf 85' lang='lat' dir='ltr'>incarnari</span> <span class='ocrx_word' id='word_1_169' title='bbox 803 3069 953 3136; x_wconf 88' lang='lat' dir='ltr'>dicit</span> <span class='ocrx_word' id='word_1_170' title='bbox 974 3072 1302 3149; x_wconf 86' lang='lat' dir='ltr'>eventum,</span> <span class='ocrx_word' id='word_1_171' title='bbox 1324 3069 1435 3135; x_wconf 90' lang='lat' dir='ltr'>sed</span> <span class='ocrx_word' id='word_1_172' title='bbox 1463 3087 1599 3133; x_wconf 89' lang='lat' dir='ltr'>esse</span> <span class='ocrx_word' id='word_1_173' title='bbox 1623 3068 1834 3135; x_wconf 89' lang='lat' dir='ltr'>incar-</span> 
     </span>
     <span class='ocr_line' id='line_1_26' title="bbox 281 3171 1831 3261; baseline -0.001 -17"><span class='ocrx_word' id='word_1_174' title='bbox 281 3179 576 3245; x_wconf 90' lang='lat' dir='ltr'>nandum</span> <span class='ocrx_word' id='word_1_175' title='bbox 603 3171 752 3243; x_wconf 88' lang='lat' dir='ltr'>dicit</span> <span class='ocrx_word' id='word_1_176' title='bbox 770 3178 1063 3242; x_wconf 90' lang='lat' dir='ltr'>ordinem</span> <span class='ocrx_word' id='word_1_177' title='bbox 1079 3195 1468 3258; x_wconf 86' lang='lat' dir='ltr'>congruum.</span> <span class='ocrx_word' id='word_1_178' title='bbox 1499 3177 1579 3242; x_wconf 88' lang='lat' dir='ltr'>Et</span> <span class='ocrx_word' id='word_1_179' title='bbox 1605 3195 1831 3261; x_wconf 88' lang='lat' dir='ltr'>quam-</span> 
     </span>
     <span class='ocr_line' id='line_1_27' title="bbox 282 3284 1834 3368; baseline -0.001 -15"><span class='ocrx_word' id='word_1_180' title='bbox 282 3287 385 3353; x_wconf 88' lang='lat' dir='ltr'>vis</span> <span class='ocrx_word' id='word_1_181' title='bbox 409 3286 732 3351; x_wconf 85' lang='lat' dir='ltr'>Christum</span> <span class='ocrx_word' id='word_1_182' title='bbox 756 3284 1076 3351; x_wconf 89' lang='lat' dir='ltr'>incarnari</span> <span class='ocrx_word' id='word_1_183' title='bbox 1110 3286 1195 3350; x_wconf 87' lang='lat' dir='ltr'>sit</span> <span class='ocrx_word' id='word_1_184' title='bbox 1219 3287 1597 3367; x_wconf 83' lang='lat' dir='ltr'>contingens</span> <span class='ocrx_word' id='word_1_185' title='bbox 1623 3306 1834 3368; x_wconf 88' lang='lat' dir='ltr'>quan-</span> 
     </span>
     <span class='ocr_line' id='line_1_28' title="bbox 283 3393 1830 3477; baseline -0.001 -17"><span class='ocrx_word' id='word_1_186' title='bbox 283 3399 428 3461; x_wconf 90' lang='lat' dir='ltr'>tum</span> <span class='ocrx_word' id='word_1_187' title='bbox 455 3394 533 3458; x_wconf 88' lang='lat' dir='ltr'>ad</span> <span class='ocrx_word' id='word_1_188' title='bbox 562 3397 892 3472; x_wconf 87' lang='lat' dir='ltr'>eventum,</span> <span class='ocrx_word' id='word_1_189' title='bbox 925 3397 1141 3457; x_wconf 88' lang='lat' dir='ltr'>tamen</span> <span class='ocrx_word' id='word_1_190' title='bbox 1189 3396 1509 3477; x_wconf 77' lang='lat' dir='ltr'>quantum</span> <span class='ocrx_word' id='word_1_191' title='bbox 1551 3393 1632 3457; x_wconf 87' lang='lat' dir='ltr'>ad</span> <span class='ocrx_word' id='word_1_192' title='bbox 1674 3412 1830 3459; x_wconf 88' lang='lat' dir='ltr'>con-</span> 
     </span>
     <span class='ocr_line' id='line_1_29' title="bbox 284 3502 1832 3585; baseline 0.002 -20"><span class='ocrx_word' id='word_1_193' title='bbox 284 3502 653 3584; x_wconf 88' lang='lat' dir='ltr'>gruentiam</span> <span class='ocrx_word' id='word_1_194' title='bbox 700 3502 1129 3567; x_wconf 88' lang='lat' dir='ltr'>necessarium</span> <span class='ocrx_word' id='word_1_195' title='bbox 1180 3507 1276 3567; x_wconf 90' lang='lat' dir='ltr'>est</span> <span class='ocrx_word' id='word_1_196' title='bbox 1344 3521 1361 3567; x_wconf 75' lang='lat' dir='ltr'>t</span> <span class='ocrx_word' id='word_1_197' title='bbox 1443 3502 1832 3585; x_wconf 87' lang='lat' dir='ltr'>impossibile</span> 
     </span>
     <span class='ocr_line' id='line_1_30' title="bbox 285 3610 1831 3678; baseline 0 -1"><span class='ocrx_word' id='word_1_198' title='bbox 285 3612 387 3678; x_wconf 88' lang='lat' dir='ltr'>est</span> <span class='ocrx_word' id='word_1_199' title='bbox 447 3611 623 3676; x_wconf 87' lang='lat' dir='ltr'>enim</span> <span class='ocrx_word' id='word_1_200' title='bbox 678 3611 804 3675; x_wconf 91' lang='lat' dir='ltr'>hoc</span> <span class='ocrx_word' id='word_1_201' title='bbox 851 3628 986 3675; x_wconf 91' lang='lat' dir='ltr'>non</span> <span class='ocrx_word' id='word_1_202' title='bbox 1041 3627 1179 3675; x_wconf 88' lang='lat' dir='ltr'>esse</span> <span class='ocrx_word' id='word_1_203' title='bbox 1252 3610 1483 3676; x_wconf 88' lang='lat' dir='ltr'>decens</span> <span class='ocrx_word' id='word_1_204' title='bbox 1542 3616 1606 3677; x_wconf 87' lang='lat' dir='ltr'>et</span> <span class='ocrx_word' id='word_1_205' title='bbox 1672 3631 1831 3677; x_wconf 88' lang='lat' dir='ltr'>con-</span> 
     </span>
     <span class='ocr_line' id='line_1_31' title="bbox 286 3715 1829 3802; baseline 0.001 -19"><span class='ocrx_word' id='word_1_206' title='bbox 286 3737 558 3802; x_wconf 88' lang='lat' dir='ltr'>gruum.</span> <span class='ocrx_word' id='word_1_207' title='bbox 605 3715 727 3782; x_wconf 90' lang='lat' dir='ltr'>Sed</span> <span class='ocrx_word' id='word_1_208' title='bbox 763 3717 869 3782; x_wconf 87' lang='lat' dir='ltr'>hic</span> <span class='ocrx_word' id='word_1_209' title='bbox 918 3717 1148 3782; x_wconf 88' lang='lat' dir='ltr'>modus</span> <span class='ocrx_word' id='word_1_210' title='bbox 1196 3718 1445 3783; x_wconf 91' lang='lat' dir='ltr'>dicendi</span> <span class='ocrx_word' id='word_1_211' title='bbox 1483 3722 1650 3783; x_wconf 85' lang='lat' dir='ltr'>stare</span> <span class='ocrx_word' id='word_1_212' title='bbox 1700 3737 1829 3784; x_wconf 93' lang='lat' dir='ltr'>non</span> 
     </span>
     <span class='ocr_line' id='line_1_32' title="bbox 283 3823 1834 3912; baseline 0.002 -22"><span class='ocrx_word' id='word_1_213' title='bbox 283 3829 512 3912; x_wconf 88' lang='lat' dir='ltr'>potest,</span> <span class='ocrx_word' id='word_1_214' title='bbox 540 3825 696 3909; x_wconf 87' lang='lat' dir='ltr'>quia</span> <span class='ocrx_word' id='word_1_215' title='bbox 719 3823 810 3888; x_wconf 89' lang='lat' dir='ltr'>sic</span> <span class='ocrx_word' id='word_1_216' title='bbox 831 3824 1050 3889; x_wconf 87' lang='lat' dir='ltr'>fideles</span> <span class='ocrx_word' id='word_1_217' title='bbox 1064 3825 1490 3904; x_wconf 88' lang='lat' dir='ltr'>crediderunt,</span> <span class='ocrx_word' id='word_1_218' title='bbox 1515 3826 1680 3890; x_wconf 85' lang='lat' dir='ltr'>sicut</span> <span class='ocrx_word' id='word_1_219' title='bbox 1692 3845 1834 3909; x_wconf 90' lang='lat' dir='ltr'>pro-</span> 
     </span>
     <span class='ocr_line' id='line_1_33' title="bbox 282 3932 1834 4018; baseline 0.001 -20"><span class='ocrx_word' id='word_1_220' title='bbox 282 3934 498 4018; x_wconf 84' lang='lat' dir='ltr'>phetae</span> <span class='ocrx_word' id='word_1_221' title='bbox 528 3933 1007 4016; x_wconf 82' lang='lat' dir='ltr'>praedixerunt:</span> <span class='ocrx_word' id='word_1_222' title='bbox 1050 3935 1113 3996; x_wconf 90' lang='lat' dir='ltr'>et</span> <span class='ocrx_word' id='word_1_223' title='bbox 1151 3932 1481 4014; x_wconf 63' lang='lat' dir='ltr'>prophetae</span> <span class='ocrx_word' id='word_1_224' title='bbox 1518 3934 1834 4015; x_wconf 64' lang='lat' dir='ltr'>praedixe-</span> 
     </span>
     <span class='ocr_line' id='line_1_34' title="bbox 285 4034 1829 4117; baseline -0.002 -14"><span class='ocrx_word' id='word_1_225' title='bbox 285 4042 441 4103; x_wconf 89' lang='lat' dir='ltr'>runt</span> <span class='ocrx_word' id='word_1_226' title='bbox 467 4053 602 4100; x_wconf 90' lang='lat' dir='ltr'>non</span> <span class='ocrx_word' id='word_1_227' title='bbox 627 4034 839 4099; x_wconf 88' lang='lat' dir='ltr'>solum</span> <span class='ocrx_word' id='word_1_228' title='bbox 875 4050 1011 4099; x_wconf 85' lang='lat' dir='ltr'>esse</span> <span class='ocrx_word' id='word_1_229' title='bbox 1056 4051 1424 4115; x_wconf 88' lang='lat' dir='ltr'>congruum</span> <span class='ocrx_word' id='word_1_230' title='bbox 1468 4034 1829 4117; x_wconf 87' lang='lat' dir='ltr'>incarnari,</span> 
     </span>
     <span class='ocr_line' id='line_1_35' title="bbox 284 4145 1833 4228; baseline -0.002 -13"><span class='ocrx_word' id='word_1_231' title='bbox 284 4149 399 4215; x_wconf 89' lang='lat' dir='ltr'>sed</span> <span class='ocrx_word' id='word_1_232' title='bbox 424 4147 619 4212; x_wconf 89' lang='lat' dir='ltr'>etiam</span> <span class='ocrx_word' id='word_1_233' title='bbox 645 4149 949 4212; x_wconf 87' lang='lat' dir='ltr'>eventum</span> <span class='ocrx_word' id='word_1_234' title='bbox 996 4145 1313 4211; x_wconf 86' lang='lat' dir='ltr'>futurum.</span> <span class='ocrx_word' id='word_1_235' title='bbox 1338 4145 1413 4211; x_wconf 83' lang='lat' dir='ltr'>Et</span> <span class='ocrx_word' id='word_1_236' title='bbox 1451 4163 1680 4211; x_wconf 88' lang='lat' dir='ltr'>rursus</span> <span class='ocrx_word' id='word_1_237' title='bbox 1696 4195 1717 4228; x_wconf 89' lang='lat'>‚</span> <span class='ocrx_word' id='word_1_238' title='bbox 1745 4148 1833 4212; x_wconf 88' lang='lat' dir='ltr'>si-</span> 
     </span>
     <span class='ocr_line' id='line_1_36' title="bbox 286 4253 1837 4323; baseline -0.001 -1"><span class='ocrx_word' id='word_1_239' title='bbox 286 4262 400 4323; x_wconf 90' lang='lat' dir='ltr'>cut</span> <span class='ocrx_word' id='word_1_240' title='bbox 423 4275 542 4321; x_wconf 83' lang='lat' dir='ltr'>nos</span> <span class='ocrx_word' id='word_1_241' title='bbox 578 4256 898 4321; x_wconf 88' lang='lat' dir='ltr'>credimus</span> <span class='ocrx_word' id='word_1_242' title='bbox 944 4253 1266 4320; x_wconf 84' lang='lat' dir='ltr'>Christum</span> <span class='ocrx_word' id='word_1_243' title='bbox 1305 4254 1713 4320; x_wconf 85' lang='lat' dir='ltr'>incarnatum</span> <span class='ocrx_word' id='word_1_244' title='bbox 1757 4256 1837 4321; x_wconf 91' lang='lat' dir='ltr'>de</span> 
     </span>
     <span class='ocr_line' id='line_1_37' title="bbox 289 4360 1831 4450; baseline -0.002 -19"><span class='ocrx_word' id='word_1_245' title='bbox 289 4365 632 4450; x_wconf 80' lang='lat' dir='ltr'>praeteritO‚</span> <span class='ocrx_word' id='word_1_246' title='bbox 662 4365 753 4429; x_wconf 89' lang='lat' dir='ltr'>ita</span> <span class='ocrx_word' id='word_1_247' title='bbox 777 4364 902 4447; x_wconf 88' lang='lat' dir='ltr'>ipsi</span> <span class='ocrx_word' id='word_1_248' title='bbox 933 4363 1339 4428; x_wconf 89' lang='lat' dir='ltr'>crediderunt</span> <span class='ocrx_word' id='word_1_249' title='bbox 1368 4360 1688 4428; x_wconf 84' lang='lat' dir='ltr'>Christum</span> <span class='ocrx_word' id='word_1_250' title='bbox 1731 4363 1831 4428; x_wconf 91' lang='lat' dir='ltr'>in·</span> 
     </span>
     <span class='ocr_line' id='line_1_38' title="bbox 288 4465 1838 4535; baseline -0.002 -1"><span class='ocrx_word' id='word_1_251' title='bbox 288 4468 691 4535; x_wconf 87' lang='lat' dir='ltr'>carnandum</span> <span class='ocrx_word' id='word_1_252' title='bbox 724 4467 802 4532; x_wconf 88' lang='lat' dir='ltr'>de</span> <span class='ocrx_word' id='word_1_253' title='bbox 825 4467 1069 4533; x_wconf 76' lang='lat' dir='ltr'>futuro,</span> <span class='ocrx_word' id='word_1_254' title='bbox 1099 4465 1179 4531; x_wconf 88' lang='lat' dir='ltr'>Et</span> <span class='ocrx_word' id='word_1_255' title='bbox 1219 4465 1363 4531; x_wconf 91' lang='lat' dir='ltr'>ideo</span> <span class='ocrx_word' id='word_1_256' title='bbox 1401 4465 1584 4532; x_wconf 88' lang='lat' dir='ltr'>aliter</span> <span class='ocrx_word' id='word_1_257' title='bbox 1619 4467 1838 4532; x_wconf 88' lang='lat' dir='ltr'>dicunt</span> 
     </span>
     <span class='ocr_line' id='line_1_39' title="bbox 286 4571 1837 4666; baseline -0.003 -25"><span class='ocrx_word' id='word_1_258' title='bbox 286 4576 400 4642; x_wconf 83' lang='lat' dir='ltr'>alii</span> <span class='ocrx_word' id='word_1_259' title='bbox 419 4626 438 4656; x_wconf 90' lang='lat'>‚</span> <span class='ocrx_word' id='word_1_260' title='bbox 472 4575 648 4659; x_wconf 86' lang='lat' dir='ltr'>quod</span> <span class='ocrx_word' id='word_1_261' title='bbox 676 4573 824 4638; x_wconf 89' lang='lat' dir='ltr'>licet</span> <span class='ocrx_word' id='word_1_262' title='bbox 847 4574 1080 4666; x_wconf 35' lang='lat' dir='ltr'>&#39;ipsum</span> <span class='ocrx_word' id='word_1_263' title='bbox 1125 4571 1439 4637; x_wconf 89' lang='lat' dir='ltr'>creditum</span> <span class='ocrx_word' id='word_1_264' title='bbox 1480 4572 1680 4654; x_wconf 84' lang='lat' dir='ltr'>possit</span> <span class='ocrx_word' id='word_1_265' title='bbox 1702 4591 1837 4644; x_wconf 84' lang='lat' dir='ltr'>esse</span> 
     </span>
     <span class='ocr_line' id='line_1_40' title="bbox 287 4678 1837 4764; baseline -0.003 -15"><span class='ocrx_word' id='word_1_266' title='bbox 287 4685 672 4764; x_wconf 83' lang='lat' dir='ltr'>contingens</span> <span class='ocrx_word' id='word_1_267' title='bbox 693 4680 762 4745; x_wconf 91' lang='lat' dir='ltr'>in</span> <span class='ocrx_word' id='word_1_268' title='bbox 790 4699 889 4761; x_wconf 89' lang='lat' dir='ltr'>se,</span> <span class='ocrx_word' id='word_1_269' title='bbox 918 4684 1137 4745; x_wconf 85' lang='lat' dir='ltr'>tamen</span> <span class='ocrx_word' id='word_1_270' title='bbox 1158 4678 1376 4743; x_wconf 85' lang='lat' dir='ltr'>habito</span> <span class='ocrx_word' id='word_1_271' title='bbox 1421 4683 1715 4762; x_wconf 87' lang='lat' dir='ltr'>respectu</span> <span class='ocrx_word' id='word_1_272' title='bbox 1757 4679 1837 4745; x_wconf 82' lang='lat' dir='ltr'>ad</span> 
     </span>
     <span class='ocr_line' id='line_1_41' title="bbox 289 4787 1840 4873; baseline -0.003 -17"><span class='ocrx_word' id='word_1_273' title='bbox 289 4791 581 4857; x_wconf 85' lang='lat' dir='ltr'>divinam</span> <span class='ocrx_word' id='word_1_274' title='bbox 623 4788 1086 4873; x_wconf 63' lang='lat' dir='ltr'>praescientiam</span> <span class='ocrx_word' id='word_1_275' title='bbox 1114 4834 1135 4866; x_wconf 88' lang='lat'>‚</span> <span class='ocrx_word' id='word_1_276' title='bbox 1169 4804 1318 4870; x_wconf 80' lang='lat' dir='ltr'>quae</span> <span class='ocrx_word' id='word_1_277' title='bbox 1360 4787 1840 4853; x_wconf 82' lang='lat' dir='ltr'>immutabiliter</span> 
     </span>
     <span class='ocr_line' id='line_1_42' title="bbox 281 4895 1842 4985; baseline -0.003 -19"><span class='ocrx_word' id='word_1_278' title='bbox 281 4899 612 4985; x_wconf 73' lang='lat' dir='ltr'>praevidit,</span> <span class='ocrx_word' id='word_1_279' title='bbox 637 4915 893 4964; x_wconf 87' lang='lat' dir='ltr'>necesse</span> <span class='ocrx_word' id='word_1_280' title='bbox 918 4899 1015 4963; x_wconf 89' lang='lat' dir='ltr'>est</span> <span class='ocrx_word' id='word_1_281' title='bbox 1041 4895 1258 4980; x_wconf 89' lang='lat' dir='ltr'>ipsum</span> <span class='ocrx_word' id='word_1_282' title='bbox 1279 4895 1534 4964; x_wconf 73' lang='lat' dir='ltr'>evenire</span> <span class='ocrx_word' id='word_1_283' title='bbox 1566 4917 1583 4961; x_wconf 71' lang='grc' dir='ltr'><strong>ε</strong></span> <span class='ocrx_word' id='word_1_284' title='bbox 1614 4899 1678 4961; x_wconf 90' lang='lat' dir='ltr'>et</span> <span class='ocrx_word' id='word_1_285' title='bbox 1701 4897 1842 4962; x_wconf 88' lang='lat' dir='ltr'>ideo</span> 
     </span>
    </p>
   </div>
   <div class='ocr_carea' id='block_1_3' title="bbox 3374 468 3525 532">
    <p class='ocr_par' dir='ltr' id='par_1_4' title="bbox 3374 468 3525 532">
     <span class='ocr_line' id='line_1_43' title="bbox 3374 468 3525 532; baseline 0.013 -3"><span class='ocrx_word' id='word_1_286' title='bbox 3374 468 3493 532; x_wconf 72' lang='lat'>519</span> <span class='ocrx_word' id='word_1_287' title='bbox 3517 503 3525 513; x_wconf 85' lang='lat'><strong>·</strong></span> 
     </span>
    </p>
   </div>
   <div class='ocr_carea' id='block_1_4' title="bbox 1938 599 3496 3246">
    <p class='ocr_par' dir='ltr' id='par_1_5' title="bbox 1938 599 3496 3246">
     <span class='ocr_line' id='line_1_44' title="bbox 1942 599 3494 683; baseline 0.003 -21"><span class='ocrx_word' id='word_1_288' title='bbox 1942 616 2132 665; x_wconf 86' lang='lat' dir='ltr'>suam</span> <span class='ocrx_word' id='word_1_289' title='bbox 2159 600 2449 666; x_wconf 67' lang='lat' dir='ltr'>aufertur</span> <span class='ocrx_word' id='word_1_290' title='bbox 2483 599 2606 665; x_wconf 88' lang='lat' dir='ltr'>sibi</span> <span class='ocrx_word' id='word_1_291' title='bbox 2646 600 2889 683; x_wconf 71' lang='lat' dir='ltr'>aliqmd</span> <span class='ocrx_word' id='word_1_292' title='bbox 2932 602 3014 666; x_wconf 88' lang='lat' dir='ltr'>de</span> <span class='ocrx_word' id='word_1_293' title='bbox 3056 601 3494 682; x_wconf 78' lang='lat' dir='ltr'>contingentia</span> 
     </span>
     <span class='ocr_line' id='line_1_45' title="bbox 1941 707 3496 791; baseline 0.002 -21"><span class='ocrx_word' id='word_1_294' title='bbox 1941 725 2061 772; x_wconf 86' lang='lat' dir='ltr'>sua</span> <span class='ocrx_word' id='word_1_295' title='bbox 2089 725 2110 772; x_wconf 72' lang='grc' dir='ltr'><strong>ε</strong></span> <span class='ocrx_word' id='word_1_296' title='bbox 2140 726 2304 790; x_wconf 83' lang='lat' dir='ltr'>ergo</span> <span class='ocrx_word' id='word_1_297' title='bbox 2338 711 2930 791; x_wconf 87' lang='lat' dir='ltr'>quantumcumque</span> <span class='ocrx_word' id='word_1_298' title='bbox 2969 707 3136 773; x_wconf 87' lang='lat' dir='ltr'>Deus</span> <span class='ocrx_word' id='word_1_299' title='bbox 3178 707 3496 791; x_wconf 85' lang='lat' dir='ltr'>praevide-</span> 
     </span>
     <span class='ocr_line' id='line_1_46' title="bbox 1942 814 3494 899; baseline 0.003 -21"><span class='ocrx_word' id='word_1_300' title='bbox 1942 815 2026 878; x_wconf 90' lang='lat' dir='ltr'>rit</span> <span class='ocrx_word' id='word_1_301' title='bbox 2049 814 2310 898; x_wconf 89' lang='lat' dir='ltr'>aliquid,</span> <span class='ocrx_word' id='word_1_302' title='bbox 2341 834 2597 882; x_wconf 87' lang='lat' dir='ltr'>necesse</span> <span class='ocrx_word' id='word_1_303' title='bbox 2634 821 2729 881; x_wconf 88' lang='lat' dir='ltr'>est</span> <span class='ocrx_word' id='word_1_304' title='bbox 2756 834 2993 898; x_wconf 90' lang='lat' dir='ltr'>ponere</span> <span class='ocrx_word' id='word_1_305' title='bbox 3033 815 3207 899; x_wconf 84' lang='lat' dir='ltr'>quod</span> <span class='ocrx_word' id='word_1_306' title='bbox 3245 817 3494 882; x_wconf 90' lang='lat' dir='ltr'>contin-</span> 
     </span>
     <span class='ocr_line' id='line_1_47' title="bbox 1943 922 3488 1006; baseline 0.001 -20"><span class='ocrx_word' id='word_1_307' title='bbox 1943 939 2103 1001; x_wconf 83' lang='lat' dir='ltr'>gens</span> <span class='ocrx_word' id='word_1_308' title='bbox 2130 941 2279 986; x_wconf 90' lang='lat' dir='ltr'>cum</span> <span class='ocrx_word' id='word_1_309' title='bbox 2314 922 2599 1005; x_wconf 88' lang='lat' dir='ltr'>quolidet</span> <span class='ocrx_word' id='word_1_310' title='bbox 2634 924 2988 988; x_wconf 86' lang='lat' dir='ltr'>necessario</span> <span class='ocrx_word' id='word_1_311' title='bbox 3028 925 3229 1006; x_wconf 86' lang='lat' dir='ltr'>possit</span> <span class='ocrx_word' id='word_1_312' title='bbox 3274 927 3443 988; x_wconf 88' lang='lat' dir='ltr'>stare</span> <span class='ocrx_word' id='word_1_313' title='bbox 3473 943 3488 988; x_wconf 90' lang='lat'><strong>:</strong></span> 
     </span>
     <span class='ocr_line' id='line_1_48' title="bbox 1942 1028 3491 1112; baseline 0.002 -21"><span class='ocrx_word' id='word_1_314' title='bbox 1942 1028 1996 1091; x_wconf 90' lang='lat' dir='ltr'>si</span> <span class='ocrx_word' id='word_1_315' title='bbox 2047 1030 2226 1093; x_wconf 90' lang='lat' dir='ltr'>enim</span> <span class='ocrx_word' id='word_1_316' title='bbox 2266 1048 2400 1094; x_wconf 90' lang='lat' dir='ltr'>non</span> <span class='ocrx_word' id='word_1_317' title='bbox 2442 1034 2654 1112; x_wconf 90' lang='lat' dir='ltr'>posset</span> <span class='ocrx_word' id='word_1_318' title='bbox 2694 1035 2862 1096; x_wconf 85' lang='lat' dir='ltr'>stare</span> <span class='ocrx_word' id='word_1_319' title='bbox 2900 1048 3050 1094; x_wconf 91' lang='lat' dir='ltr'>cum</span> <span class='ocrx_word' id='word_1_320' title='bbox 3093 1032 3445 1096; x_wconf 88' lang='lat' dir='ltr'>necessario</span> <span class='ocrx_word' id='word_1_321' title='bbox 3472 1078 3491 1108; x_wconf 87' lang='lat'>,</span> 
     </span>
     <span class='ocr_line' id='line_1_49' title="bbox 1941 1134 3495 1221; baseline 0.003 -23"><span class='ocrx_word' id='word_1_322' title='bbox 1941 1134 2328 1218; x_wconf 89' lang='lat' dir='ltr'>impossibile</span> <span class='ocrx_word' id='word_1_323' title='bbox 2352 1141 2515 1202; x_wconf 89' lang='lat' dir='ltr'>esset</span> <span class='ocrx_word' id='word_1_324' title='bbox 2542 1138 2758 1220; x_wconf 90' lang='lat' dir='ltr'>ipsum</span> <span class='ocrx_word' id='word_1_325' title='bbox 2782 1139 3062 1204; x_wconf 85' lang='lat' dir='ltr'>evenire.</span> <span class='ocrx_word' id='word_1_326' title='bbox 3094 1138 3173 1202; x_wconf 90' lang='lat' dir='ltr'>Et</span> <span class='ocrx_word' id='word_1_327' title='bbox 3206 1143 3495 1221; x_wconf 87' lang='lat' dir='ltr'>propter—</span> 
     </span>
     <span class='ocr_line' id='line_1_50' title="bbox 1946 1242 3493 1329; baseline 0.001 -22"><span class='ocrx_word' id='word_1_328' title='bbox 1946 1260 2026 1307; x_wconf 87' lang='lat' dir='ltr'>ea</span> <span class='ocrx_word' id='word_1_329' title='bbox 2068 1247 2164 1308; x_wconf 86' lang='lat' dir='ltr'>est</span> <span class='ocrx_word' id='word_1_330' title='bbox 2212 1242 2422 1310; x_wconf 89' lang='lat' dir='ltr'>adhuc</span> <span class='ocrx_word' id='word_1_331' title='bbox 2473 1245 2703 1310; x_wconf 84' lang='lat' dir='ltr'>tertius</span> <span class='ocrx_word' id='word_1_332' title='bbox 2749 1246 2981 1310; x_wconf 89' lang='lat' dir='ltr'>modus</span> <span class='ocrx_word' id='word_1_333' title='bbox 3024 1246 3312 1323; x_wconf 83' lang='lat' dir='ltr'>dicendi,</span> <span class='ocrx_word' id='word_1_334' title='bbox 3378 1247 3493 1329; x_wconf 88' lang='lat' dir='ltr'>qui</span> 
     </span>
     <span class='ocr_line' id='line_1_51' title="bbox 1941 1351 3495 1434; baseline 0.001 -20"><span class='ocrx_word' id='word_1_335' title='bbox 1941 1351 2227 1416; x_wconf 89' lang='lat' dir='ltr'>concedit</span> <span class='ocrx_word' id='word_1_336' title='bbox 2270 1351 2441 1434; x_wconf 87' lang='lat' dir='ltr'>quod</span> <span class='ocrx_word' id='word_1_337' title='bbox 2479 1352 2856 1433; x_wconf 85' lang='lat' dir='ltr'>contingens</span> <span class='ocrx_word' id='word_1_338' title='bbox 2891 1354 3095 1434; x_wconf 89' lang='lat' dir='ltr'>potest</span> <span class='ocrx_word' id='word_1_339' title='bbox 3140 1356 3306 1416; x_wconf 84' lang='lat' dir='ltr'>stare</span> <span class='ocrx_word' id='word_1_340' title='bbox 3343 1369 3495 1415; x_wconf 89' lang='lat' dir='ltr'>cum</span> 
     </span>
     <span class='ocr_line' id='line_1_52' title="bbox 1942 1458 3495 1541; baseline 0 -18"><span class='ocrx_word' id='word_1_341' title='bbox 1942 1459 2326 1538; x_wconf 86' lang='lat' dir='ltr'>necessario,</span> <span class='ocrx_word' id='word_1_342' title='bbox 2360 1461 2424 1522; x_wconf 90' lang='lat' dir='ltr'>et</span> <span class='ocrx_word' id='word_1_343' title='bbox 2453 1458 2626 1540; x_wconf 90' lang='lat' dir='ltr'>quod</span> <span class='ocrx_word' id='word_1_344' title='bbox 2654 1459 3017 1540; x_wconf 87' lang='lat' dir='ltr'>oppositum</span> <span class='ocrx_word' id='word_1_345' title='bbox 3044 1459 3321 1541; x_wconf 78' lang='lat' dir='ltr'>aliquus</span> <span class='ocrx_word' id='word_1_346' title='bbox 3346 1459 3495 1523; x_wconf 86' lang='lat' dir='ltr'>arti-</span> 
     </span>
     <span class='ocr_line' id='line_1_53' title="bbox 1941 1564 3494 1650; baseline 0.001 -21"><span class='ocrx_word' id='word_1_347' title='bbox 1941 1564 2070 1629; x_wconf 90' lang='lat' dir='ltr'>culi</span> <span class='ocrx_word' id='word_1_348' title='bbox 2098 1568 2193 1630; x_wconf 84' lang='lat' dir='ltr'>est</span> <span class='ocrx_word' id='word_1_349' title='bbox 2218 1565 2322 1631; x_wconf 87' lang='lat' dir='ltr'>vel</span> <span class='ocrx_word' id='word_1_350' title='bbox 2348 1565 2471 1629; x_wconf 86' lang='lat' dir='ltr'>fuit</span> <span class='ocrx_word' id='word_1_351' title='bbox 2508 1566 2912 1647; x_wconf 85' lang='lat' dir='ltr'>contingens.</span> <span class='ocrx_word' id='word_1_352' title='bbox 2961 1565 3083 1631; x_wconf 85' lang='lat' dir='ltr'>Sed</span> <span class='ocrx_word' id='word_1_353' title='bbox 3124 1566 3283 1631; x_wconf 90' lang='lat' dir='ltr'>illud</span> <span class='ocrx_word' id='word_1_354' title='bbox 3319 1568 3494 1650; x_wconf 88' lang='lat' dir='ltr'>quod</span> 
     </span>
     <span class='ocr_line' id='line_1_54' title="bbox 1941 1673 3494 1757; baseline 0.002 -21"><span class='ocrx_word' id='word_1_355' title='bbox 1941 1673 2285 1755; x_wconf 88' lang='lat' dir='ltr'>opponitur</span> <span class='ocrx_word' id='word_1_356' title='bbox 2310 1673 2498 1737; x_wconf 78' lang='lat' dir='ltr'>tertio</span> <span class='ocrx_word' id='word_1_357' title='bbox 2523 1673 2662 1739; x_wconf 91' lang='lat' dir='ltr'>loco</span> <span class='ocrx_word' id='word_1_358' title='bbox 2683 1722 2702 1755; x_wconf 92' lang='lat'>,</span> <span class='ocrx_word' id='word_1_359' title='bbox 2732 1678 2968 1757; x_wconf 86' lang='lat' dir='ltr'>negat,</span> <span class='ocrx_word' id='word_1_360' title='bbox 2997 1674 3291 1740; x_wconf 81' lang='lat' dir='ltr'>videlicet</span> <span class='ocrx_word' id='word_1_361' title='bbox 3322 1675 3494 1757; x_wconf 87' lang='lat' dir='ltr'>quod</span> 
     </span>
     <span class='ocr_line' id='line_1_55' title="bbox 1940 1780 3489 1847; baseline 0 -2"><span class='ocrx_word' id='word_1_362' title='bbox 1940 1780 2370 1845; x_wconf 87' lang='lat' dir='ltr'>necessarium</span> <span class='ocrx_word' id='word_1_363' title='bbox 2396 1780 2517 1846; x_wconf 82' lang='lat' dir='ltr'>fuit</span> <span class='ocrx_word' id='word_1_364' title='bbox 2540 1780 2871 1847; x_wconf 87' lang='lat' dir='ltr'>Abraham</span> <span class='ocrx_word' id='word_1_365' title='bbox 2898 1782 3233 1847; x_wconf 89' lang='lat' dir='ltr'>credidisse</span> <span class='ocrx_word' id='word_1_366' title='bbox 3277 1781 3489 1846; x_wconf 88' lang='lat' dir='ltr'>Chris-</span> 
     </span>
     <span class='ocr_line' id='line_1_56' title="bbox 1939 1888 3493 1971; baseline 0.003 -22"><span class='ocrx_word' id='word_1_367' title='bbox 1939 1888 2083 1953; x_wconf 84' lang='lat' dir='ltr'>tum</span> <span class='ocrx_word' id='word_1_368' title='bbox 2117 1904 2253 1951; x_wconf 87' lang='lat' dir='ltr'>esse</span> <span class='ocrx_word' id='word_1_369' title='bbox 2298 1904 2665 1969; x_wconf 85' lang='lat' dir='ltr'>passurum.</span> <span class='ocrx_word' id='word_1_370' title='bbox 2693 1889 2770 1954; x_wconf 86' lang='lat' dir='ltr'>Et</span> <span class='ocrx_word' id='word_1_371' title='bbox 2810 1889 2863 1953; x_wconf 90' lang='lat' dir='ltr'>si</span> <span class='ocrx_word' id='word_1_372' title='bbox 2904 1894 2978 1953; x_wconf 88' lang='lat' dir='ltr'>tu</span> <span class='ocrx_word' id='word_1_373' title='bbox 3021 1888 3281 1971; x_wconf 86' lang='lat' dir='ltr'>objicias</span> <span class='ocrx_word' id='word_1_374' title='bbox 3320 1888 3493 1971; x_wconf 88' lang='lat' dir='ltr'>quod</span> 
     </span>
     <span class='ocr_line' id='line_1_57' title="bbox 1940 1994 3488 2078; baseline -0.001 -18"><span class='ocrx_word' id='word_1_375' title='bbox 1940 2013 2133 2060; x_wconf 92' lang='lat' dir='ltr'>omne</span> <span class='ocrx_word' id='word_1_376' title='bbox 2161 1994 2403 2060; x_wconf 84' lang='lat' dir='ltr'>dictum</span> <span class='ocrx_word' id='word_1_377' title='bbox 2428 1994 2507 2061; x_wconf 88' lang='lat' dir='ltr'>de</span> <span class='ocrx_word' id='word_1_378' title='bbox 2533 1998 2856 2078; x_wconf 69' lang='lat' dir='ltr'>praeterito</span> <span class='ocrx_word' id='word_1_379' title='bbox 2881 2000 2977 2061; x_wconf 64' lang='lat' dir='ltr'>est</span> <span class='ocrx_word' id='word_1_380' title='bbox 3017 1994 3449 2060; x_wconf 87' lang='lat' dir='ltr'>necessarium</span> <span class='ocrx_word' id='word_1_381' title='bbox 3470 2041 3488 2077; x_wconf 87' lang='lat'>,</span> 
     </span>
     <span class='ocr_line' id='line_1_58' title="bbox 1939 2096 3489 2187; baseline 0.001 -20"><span class='ocrx_word' id='word_1_382' title='bbox 1939 2101 2454 2184; x_wconf 85' lang='lat' dir='ltr'>respondendum</span> <span class='ocrx_word' id='word_1_383' title='bbox 2479 2103 2560 2167; x_wconf 90' lang='lat' dir='ltr'>ad</span> <span class='ocrx_word' id='word_1_384' title='bbox 2602 2103 2725 2168; x_wconf 92' lang='lat' dir='ltr'>hoc</span> <span class='ocrx_word' id='word_1_385' title='bbox 2746 2151 2764 2182; x_wconf 93' lang='lat'>‚</span> <span class='ocrx_word' id='word_1_386' title='bbox 2794 2096 2965 2187; x_wconf 87' lang='lat' dir='ltr'>quod</span> <span class='ocrx_word' id='word_1_387' title='bbox 3000 2122 3230 2171; x_wconf 79' lang='lat' dir='ltr'>verum</span> <span class='ocrx_word' id='word_1_388' title='bbox 3274 2107 3370 2168; x_wconf 89' lang='lat' dir='ltr'>est</span> <span class='ocrx_word' id='word_1_389' title='bbox 3410 2103 3489 2168; x_wconf 89' lang='lat' dir='ltr'>de</span> 
     </span>
     <span class='ocr_line' id='line_1_59' title="bbox 1939 2208 3481 2294; baseline 0.001 -20"><span class='ocrx_word' id='word_1_390' title='bbox 1939 2226 2016 2274; x_wconf 88' lang='lat' dir='ltr'>eo</span> <span class='ocrx_word' id='word_1_391' title='bbox 2042 2208 2232 2289; x_wconf 82' lang='lat' dir='ltr'>dicte,</span> <span class='ocrx_word' id='word_1_392' title='bbox 2248 2211 2419 2292; x_wconf 86' lang='lat' dir='ltr'>quod</span> <span class='ocrx_word' id='word_1_393' title='bbox 2446 2211 2673 2275; x_wconf 86' lang='lat' dir='ltr'>transit</span> <span class='ocrx_word' id='word_1_394' title='bbox 2698 2212 3044 2277; x_wconf 90' lang='lat' dir='ltr'>omninoin</span> <span class='ocrx_word' id='word_1_395' title='bbox 3064 2211 3481 2294; x_wconf 73' lang='lat' dir='ltr'>praetefitum3</span> 
     </span>
     <span class='ocr_line' id='line_1_60' title="bbox 1938 2316 3489 2387; baseline 0.003 -4"><span class='ocrx_word' id='word_1_396' title='bbox 1938 2317 2050 2383; x_wconf 87' lang='lat' dir='ltr'>sed</span> <span class='ocrx_word' id='word_1_397' title='bbox 2077 2316 2237 2383; x_wconf 89' lang='lat' dir='ltr'>illud</span> <span class='ocrx_word' id='word_1_398' title='bbox 2280 2318 2522 2382; x_wconf 85' lang='lat' dir='ltr'>dictum</span> <span class='ocrx_word' id='word_1_399' title='bbox 2568 2323 2870 2383; x_wconf 84' lang='lat' dir='ltr'>connotat</span> <span class='ocrx_word' id='word_1_400' title='bbox 2900 2320 3192 2384; x_wconf 75' lang='lat' dir='ltr'>futurum</span> <span class='ocrx_word' id='word_1_401' title='bbox 3238 2320 3489 2387; x_wconf 87' lang='lat' dir='ltr'>contin-</span> 
     </span>
     <span class='ocr_line' id='line_1_61' title="bbox 1938 2424 3488 2508; baseline 0.003 -21"><span class='ocrx_word' id='word_1_402' title='bbox 1938 2441 2103 2506; x_wconf 86' lang='lat' dir='ltr'>gens</span> <span class='ocrx_word' id='word_1_403' title='bbox 2133 2444 2150 2488; x_wconf 72' lang='grc' dir='ltr'><strong>ε</strong></span> <span class='ocrx_word' id='word_1_404' title='bbox 2184 2428 2246 2487; x_wconf 89' lang='lat' dir='ltr'>et</span> <span class='ocrx_word' id='word_1_405' title='bbox 2273 2424 2430 2506; x_wconf 86' lang='lat' dir='ltr'>quia</span> <span class='ocrx_word' id='word_1_406' title='bbox 2454 2442 2645 2489; x_wconf 91' lang='lat' dir='ltr'>omne</span> <span class='ocrx_word' id='word_1_407' title='bbox 2671 2425 2912 2491; x_wconf 88' lang='lat' dir='ltr'>dictum</span> <span class='ocrx_word' id='word_1_408' title='bbox 2936 2426 3109 2508; x_wconf 85' lang='lat' dir='ltr'>quod</span> <span class='ocrx_word' id='word_1_409' title='bbox 3154 2425 3392 2491; x_wconf 87' lang='lat' dir='ltr'>claudit</span> <span class='ocrx_word' id='word_1_410' title='bbox 3417 2428 3488 2491; x_wconf 93' lang='lat' dir='ltr'>in</span> 
     </span>
     <span class='ocr_line' id='line_1_62' title="bbox 1939 2532 3490 2613; baseline 0.003 -17"><span class='ocrx_word' id='word_1_411' title='bbox 1939 2548 2008 2596; x_wconf 88' lang='lat' dir='ltr'>se</span> <span class='ocrx_word' id='word_1_412' title='bbox 2027 2532 2430 2612; x_wconf 77' lang='lat' dir='ltr'>contingenS,</span> <span class='ocrx_word' id='word_1_413' title='bbox 2460 2532 2838 2613; x_wconf 86' lang='lat' dir='ltr'>contingens</span> <span class='ocrx_word' id='word_1_414' title='bbox 2865 2536 2992 2613; x_wconf 84' lang='lat' dir='ltr'>est3</span> <span class='ocrx_word' id='word_1_415' title='bbox 3037 2532 3179 2598; x_wconf 89' lang='lat' dir='ltr'>ideo</span> <span class='ocrx_word' id='word_1_416' title='bbox 3203 2532 3364 2597; x_wconf 91' lang='lat' dir='ltr'>illud</span> <span class='ocrx_word' id='word_1_417' title='bbox 3391 2538 3490 2601; x_wconf 88' lang='lat' dir='ltr'>to-</span> 
     </span>
     <span class='ocr_line' id='line_1_63' title="bbox 1939 2638 3487 2724; baseline 0.003 -22"><span class='ocrx_word' id='word_1_418' title='bbox 1939 2639 2063 2724; x_wconf 62' lang='lat' dir='ltr'>tale</span> <span class='ocrx_word' id='word_1_419' title='bbox 2101 2638 2347 2703; x_wconf 90' lang='lat' dir='ltr'>dictum</span> <span class='ocrx_word' id='word_1_420' title='bbox 2369 2687 2387 2718; x_wconf 90' lang='lat'>,</span> <span class='ocrx_word' id='word_1_421' title='bbox 2419 2638 2746 2704; x_wconf 85' lang='lat' dir='ltr'>Abraham</span> <span class='ocrx_word' id='word_1_422' title='bbox 2788 2640 3123 2706; x_wconf 84' lang='lat' dir='ltr'>credidisse</span> <span class='ocrx_word' id='word_1_423' title='bbox 3165 2640 3487 2707; x_wconf 86' lang='lat' dir='ltr'>Christum</span> 
     </span>
     <span class='ocr_line' id='line_1_64' title="bbox 1939 2747 3486 2830; baseline 0.003 -20"><span class='ocrx_word' id='word_1_424' title='bbox 1939 2764 2305 2828; x_wconf 87' lang='lat' dir='ltr'>passurum,</span> <span class='ocrx_word' id='word_1_425' title='bbox 2335 2747 2713 2828; x_wconf 88' lang='lat' dir='ltr'>contingens</span> <span class='ocrx_word' id='word_1_426' title='bbox 2738 2751 2852 2812; x_wconf 85' lang='lat' dir='ltr'>est.</span> <span class='ocrx_word' id='word_1_427' title='bbox 2886 2747 3057 2813; x_wconf 89' lang='lat' dir='ltr'>Licet</span> <span class='ocrx_word' id='word_1_428' title='bbox 3084 2748 3258 2813; x_wconf 91' lang='lat' dir='ltr'>enim</span> <span class='ocrx_word' id='word_1_429' title='bbox 3301 2748 3486 2830; x_wconf 89' lang='lat' dir='ltr'>prin-</span> 
     </span>
     <span class='ocr_line' id='line_1_65' title="bbox 1939 2854 3487 2938; baseline 0.003 -21"><span class='ocrx_word' id='word_1_430' title='bbox 1939 2854 2202 2935; x_wconf 87' lang='lat' dir='ltr'>cipalior</span> <span class='ocrx_word' id='word_1_431' title='bbox 2229 2855 2604 2937; x_wconf 90' lang='lat' dir='ltr'>compositio</span> <span class='ocrx_word' id='word_1_432' title='bbox 2631 2855 2714 2919; x_wconf 88' lang='lat' dir='ltr'>sit</span> <span class='ocrx_word' id='word_1_433' title='bbox 2735 2856 2813 2919; x_wconf 92' lang='lat' dir='ltr'>de</span> <span class='ocrx_word' id='word_1_434' title='bbox 2839 2856 3192 2938; x_wconf 84' lang='lat' dir='ltr'>praeterit0‚</span> <span class='ocrx_word' id='word_1_435' title='bbox 3245 2874 3487 2921; x_wconf 91' lang='lat' dir='ltr'>conno-</span> 
     </span>
     <span class='ocr_line' id='line_1_66' title="bbox 1938 2958 3485 3047; baseline 0.003 -22"><span class='ocrx_word' id='word_1_436' title='bbox 1938 2963 2146 3026; x_wconf 85' lang='lat' dir='ltr'>tatum</span> <span class='ocrx_word' id='word_1_437' title='bbox 2178 2966 2394 3027; x_wconf 75' lang='lat' dir='ltr'>tamen</span> <span class='ocrx_word' id='word_1_438' title='bbox 2417 2968 2512 3027; x_wconf 91' lang='lat' dir='ltr'>est</span> <span class='ocrx_word' id='word_1_439' title='bbox 2537 2964 2614 3028; x_wconf 92' lang='lat' dir='ltr'>de</span> <span class='ocrx_word' id='word_1_440' title='bbox 2639 2965 2879 3029; x_wconf 86' lang='lat' dir='ltr'>futuro.</span> <span class='ocrx_word' id='word_1_441' title='bbox 2912 2965 2991 3029; x_wconf 91' lang='lat' dir='ltr'>Et</span> <span class='ocrx_word' id='word_1_442' title='bbox 3018 2965 3141 3029; x_wconf 91' lang='lat' dir='ltr'>hoc</span> <span class='ocrx_word' id='word_1_443' title='bbox 3172 2958 3344 3047; x_wconf 84' lang='lat' dir='ltr'>patet</span> <span class='ocrx_word' id='word_1_444' title='bbox 3371 2966 3485 3043; x_wconf 87' lang='lat' dir='ltr'>sic,</span> 
     </span>
     <span class='ocr_line' id='line_1_67' title="bbox 1941 3069 3490 3163; baseline 0.004 -32"><span class='ocrx_word' id='word_1_445' title='bbox 1941 3070 2096 3153; x_wconf 85' lang='lat' dir='ltr'>quia</span> <span class='ocrx_word' id='word_1_446' title='bbox 2120 3069 2371 3163; x_wconf 68' lang='lat' dir='ltr'>credere</span> <span class='ocrx_word' id='word_1_447' title='bbox 2397 3070 2547 3134; x_wconf 88' lang='lat' dir='ltr'>dicit</span> <span class='ocrx_word' id='word_1_448' title='bbox 2568 3074 2783 3135; x_wconf 85' lang='lat' dir='ltr'>actum</span> <span class='ocrx_word' id='word_1_449' title='bbox 2799 3071 2984 3137; x_wconf 88' lang='lat' dir='ltr'>liberi</span> <span class='ocrx_word' id='word_1_450' title='bbox 2996 3073 3241 3136; x_wconf 87' lang='lat' dir='ltr'>arbitrii</span> <span class='ocrx_word' id='word_1_451' title='bbox 3261 3091 3490 3137; x_wconf 88' lang='lat' dir='ltr'>secun-</span> 
     </span>
     <span class='ocr_line' id='line_1_68' title="bbox 1943 3178 3494 3246; baseline 0.003 -5"><span class='ocrx_word' id='word_1_452' title='bbox 1943 3178 2101 3241; x_wconf 88' lang='lat' dir='ltr'>dum</span> <span class='ocrx_word' id='word_1_453' title='bbox 2127 3178 2539 3244; x_wconf 83' lang='lat' dir='ltr'>directionem</span> <span class='ocrx_word' id='word_1_454' title='bbox 2575 3179 2839 3244; x_wconf 91' lang='lat' dir='ltr'>luminis</span> <span class='ocrx_word' id='word_1_455' title='bbox 2886 3182 3339 3246; x_wconf 85' lang='lat' dir='ltr'>conformantis</span> <span class='ocrx_word' id='word_1_456' title='bbox 3386 3183 3494 3246; x_wconf 91' lang='lat' dir='ltr'>in-</span> 
     </span>
    </p>
   </div>
   <div class='ocr_carea' id='block_1_5' title="bbox 1940 3286 3496 3460">
    <p class='ocr_par' dir='ltr' id='par_1_6' title="bbox 1940 3286 3496 3460">
     <span class='ocr_line' id='line_1_69' title="bbox 1941 3286 3496 3371; baseline 0.003 -20"><span class='ocrx_word' id='word_1_457' title='bbox 1941 3286 2269 3351; x_wconf 85' lang='lat' dir='ltr'>tellectum</span> <span class='ocrx_word' id='word_1_458' title='bbox 2289 3292 2578 3352; x_wconf 88' lang='lat' dir='ltr'>nostrum</span> <span class='ocrx_word' id='word_1_459' title='bbox 2608 3288 2843 3354; x_wconf 82' lang='lat' dir='ltr'>divinae</span> <span class='ocrx_word' id='word_1_460' title='bbox 2859 3289 3297 3371; x_wconf 84' lang='lat' dir='ltr'>praescientiae.</span> <span class='ocrx_word' id='word_1_461' title='bbox 3318 3290 3496 3356; x_wconf 90' lang='lat' dir='ltr'>Unde</span> 
     </span>
     <span class='ocr_line' id='line_1_70' title="bbox 1940 3390 3496 3460; baseline 0.005 -8"><span class='ocrx_word' id='word_1_462' title='bbox 1940 3406 2167 3452; x_wconf 89' lang='lat' dir='ltr'>sensus</span> <span class='ocrx_word' id='word_1_463' title='bbox 2190 3394 2284 3453; x_wconf 90' lang='lat' dir='ltr'>est</span> <span class='ocrx_word' id='word_1_464' title='bbox 2315 3408 2331 3453; x_wconf 78' lang='lat' dir='ltr'><strong><em>z</em></strong></span> <span class='ocrx_word' id='word_1_465' title='bbox 2365 3390 2694 3455; x_wconf 85' lang='lat' dir='ltr'>Abraham</span> <span class='ocrx_word' id='word_1_466' title='bbox 2716 3392 2981 3457; x_wconf 87' lang='lat' dir='ltr'>credidit</span> <span class='ocrx_word' id='word_1_467' title='bbox 3011 3392 3331 3458; x_wconf 86' lang='lat' dir='ltr'>Christum</span> <span class='ocrx_word' id='word_1_468' title='bbox 3359 3412 3496 3460; x_wconf 88' lang='lat' dir='ltr'>esse</span> 
     </span>
    </p>
   </div>
   <div class='ocr_carea' id='block_1_6' title="bbox 1940 3497 3504 4979">
    <p class='ocr_par' dir='ltr' id='par_1_7' title="bbox 1940 3497 3504 4979">
     <span class='ocr_line' id='line_1_71' title="bbox 1941 3497 3494 3578; baseline 0.005 -20"><span class='ocrx_word' id='word_1_469' title='bbox 1941 3513 2281 3578; x_wconf 88' lang='lat' dir='ltr'>passurum</span> <span class='ocrx_word' id='word_1_470' title='bbox 2309 3544 2327 3576; x_wconf 89' lang='lat'>,</span> <span class='ocrx_word' id='word_1_471' title='bbox 2372 3497 2496 3561; x_wconf 90' lang='lat' dir='ltr'>hoc</span> <span class='ocrx_word' id='word_1_472' title='bbox 2530 3502 2625 3562; x_wconf 88' lang='lat' dir='ltr'>est</span> <span class='ocrx_word' id='word_1_473' title='bbox 2666 3520 2683 3564; x_wconf 77' lang='lat' dir='ltr'><strong><em>z</em></strong></span> <span class='ocrx_word' id='word_1_474' title='bbox 2730 3500 3058 3564; x_wconf 87' lang='lat' dir='ltr'>Abraham</span> <span class='ocrx_word' id='word_1_475' title='bbox 3096 3500 3494 3566; x_wconf 85' lang='lat' dir='ltr'>illuminatus</span> 
     </span>
     <span class='ocr_line' id='line_1_72' title="bbox 1940 3603 3497 3690; baseline 0.004 -23"><span class='ocrx_word' id='word_1_476' title='bbox 1940 3603 2061 3667; x_wconf 87' lang='lat' dir='ltr'>fuit</span> <span class='ocrx_word' id='word_1_477' title='bbox 2091 3608 2165 3667; x_wconf 89' lang='lat' dir='ltr'>ut</span> <span class='ocrx_word' id='word_1_478' title='bbox 2193 3605 2531 3669; x_wconf 88' lang='lat' dir='ltr'>assentiret</span> <span class='ocrx_word' id='word_1_479' title='bbox 2560 3653 2578 3686; x_wconf 88' lang='lat'>,</span> <span class='ocrx_word' id='word_1_480' title='bbox 2608 3608 2672 3670; x_wconf 88' lang='lat' dir='ltr'>et</span> <span class='ocrx_word' id='word_1_481' title='bbox 2697 3606 2942 3672; x_wconf 86' lang='lat' dir='ltr'>videret</span> <span class='ocrx_word' id='word_1_482' title='bbox 2979 3609 3101 3672; x_wconf 92' lang='lat' dir='ltr'>hoc</span> <span class='ocrx_word' id='word_1_483' title='bbox 3129 3609 3302 3690; x_wconf 85' lang='lat' dir='ltr'>quod</span> <span class='ocrx_word' id='word_1_484' title='bbox 3331 3610 3497 3674; x_wconf 88' lang='lat' dir='ltr'>Deus</span> 
     </span>
     <span class='ocr_line' id='line_1_73' title="bbox 1941 3709 3497 3799; baseline 0.005 -26"><span class='ocrx_word' id='word_1_485' title='bbox 1941 3709 2322 3793; x_wconf 65' lang='lat' dir='ltr'>praeviderat</span> <span class='ocrx_word' id='word_1_486' title='bbox 2356 3712 2637 3777; x_wconf 87' lang='lat' dir='ltr'>evenire.</span> <span class='ocrx_word' id='word_1_487' title='bbox 2672 3713 2751 3777; x_wconf 88' lang='lat' dir='ltr'>Et</span> <span class='ocrx_word' id='word_1_488' title='bbox 2795 3714 2947 3797; x_wconf 87' lang='lat' dir='ltr'>quia</span> <span class='ocrx_word' id='word_1_489' title='bbox 3000 3715 3070 3779; x_wconf 90' lang='lat' dir='ltr'>in</span> <span class='ocrx_word' id='word_1_490' title='bbox 3111 3716 3497 3799; x_wconf 74' lang='lat' dir='ltr'>praevisione</span> 
     </span>
     <span class='ocr_line' id='line_1_74' title="bbox 1943 3819 3499 3901; baseline 0.003 -18"><span class='ocrx_word' id='word_1_491' title='bbox 1943 3823 2213 3884; x_wconf 87' lang='lat' dir='ltr'>eventus</span> <span class='ocrx_word' id='word_1_492' title='bbox 2240 3819 2674 3900; x_wconf 85' lang='lat' dir='ltr'>contingentis</span> <span class='ocrx_word' id='word_1_493' title='bbox 2701 3820 3042 3901; x_wconf 86' lang='lat' dir='ltr'>clauditur,</span> <span class='ocrx_word' id='word_1_494' title='bbox 3091 3823 3228 3888; x_wconf 86' lang='lat' dir='ltr'>sive</span> <span class='ocrx_word' id='word_1_495' title='bbox 3261 3841 3499 3887; x_wconf 91' lang='lat' dir='ltr'>conno-</span> 
     </span>
     <span class='ocr_line' id='line_1_75' title="bbox 1941 3926 3497 4013; baseline 0.004 -24"><span class='ocrx_word' id='word_1_496' title='bbox 1941 3926 2117 3990; x_wconf 87' lang='lat' dir='ltr'>tatur</span> <span class='ocrx_word' id='word_1_497' title='bbox 2146 3926 2438 3990; x_wconf 87' lang='lat' dir='ltr'>futurum</span> <span class='ocrx_word' id='word_1_498' title='bbox 2469 3927 2680 3991; x_wconf 88' lang='lat' dir='ltr'>contin</span> <span class='ocrx_word' id='word_1_499' title='bbox 2689 3945 2879 4009; x_wconf 83' lang='lat' dir='ltr'>gens3</span> <span class='ocrx_word' id='word_1_500' title='bbox 2907 3928 3060 3992; x_wconf 90' lang='lat' dir='ltr'>hinc</span> <span class='ocrx_word' id='word_1_501' title='bbox 3078 3933 3173 3994; x_wconf 89' lang='lat' dir='ltr'>est</span> <span class='ocrx_word' id='word_1_502' title='bbox 3194 3932 3367 4013; x_wconf 79' lang='lat' dir='ltr'>quod</span> <span class='ocrx_word' id='word_1_503' title='bbox 3386 3930 3497 3996; x_wconf 90' lang='lat' dir='ltr'>illo</span> 
     </span>
     <span class='ocr_line' id='line_1_76' title="bbox 1944 4033 3503 4117; baseline 0.004 -19"><span class='ocrx_word' id='word_1_504' title='bbox 1944 4033 2110 4099; x_wconf 87' lang='lat' dir='ltr'>dicto</span> <span class='ocrx_word' id='word_1_505' title='bbox 2132 4035 2211 4099; x_wconf 89' lang='lat' dir='ltr'>de</span> <span class='ocrx_word' id='word_1_506' title='bbox 2235 4035 2559 4117; x_wconf 84' lang='lat' dir='ltr'>praeterito</span> <span class='ocrx_word' id='word_1_507' title='bbox 2580 4083 2598 4114; x_wconf 92' lang='lat'>‚</span> <span class='ocrx_word' id='word_1_508' title='bbox 2625 4036 2944 4101; x_wconf 88' lang='lat' dir='ltr'>clauditur</span> <span class='ocrx_word' id='word_1_509' title='bbox 2983 4043 3253 4110; x_wconf 75' lang='lat' dir='ltr'>eventus</span> <span class='ocrx_word' id='word_1_510' title='bbox 3297 4039 3503 4104; x_wconf 84' lang='lat' dir='ltr'>futuri</span> 
     </span>
     <span class='ocr_line' id='line_1_77' title="bbox 1943 4143 3501 4228; baseline 0.003 -22"><span class='ocrx_word' id='word_1_511' title='bbox 1943 4143 2375 4224; x_wconf 87' lang='lat' dir='ltr'>contingentis</span> <span class='ocrx_word' id='word_1_512' title='bbox 2411 4165 2426 4206; x_wconf 74' lang='grc' dir='ltr'><strong>ε</strong></span> <span class='ocrx_word' id='word_1_513' title='bbox 2458 4145 2521 4208; x_wconf 88' lang='lat' dir='ltr'>et</span> <span class='ocrx_word' id='word_1_514' title='bbox 2548 4143 2693 4208; x_wconf 91' lang='lat' dir='ltr'>ideo</span> <span class='ocrx_word' id='word_1_515' title='bbox 2722 4147 2932 4209; x_wconf 84' lang='lat' dir='ltr'>totum</span> <span class='ocrx_word' id='word_1_516' title='bbox 2953 4145 3373 4228; x_wconf 86' lang='lat' dir='ltr'>judicandum</span> <span class='ocrx_word' id='word_1_517' title='bbox 3403 4148 3501 4211; x_wconf 86' lang='lat' dir='ltr'>est</span> 
     </span>
     <span class='ocr_line' id='line_1_78' title="bbox 1945 4250 3501 4337; baseline 0.003 -23"><span class='ocrx_word' id='word_1_518' title='bbox 1945 4268 2080 4314; x_wconf 89' lang='lat' dir='ltr'>esse</span> <span class='ocrx_word' id='word_1_519' title='bbox 2108 4250 2510 4332; x_wconf 89' lang='lat' dir='ltr'>contingens.</span> <span class='ocrx_word' id='word_1_520' title='bbox 2556 4250 2638 4316; x_wconf 90' lang='lat' dir='ltr'>Et</span> <span class='ocrx_word' id='word_1_521' title='bbox 2679 4251 2734 4314; x_wconf 90' lang='lat' dir='ltr'>si</span> <span class='ocrx_word' id='word_1_522' title='bbox 2772 4255 2847 4315; x_wconf 90' lang='lat' dir='ltr'>tu</span> <span class='ocrx_word' id='word_1_523' title='bbox 2879 4252 3142 4334; x_wconf 86' lang='lat' dir='ltr'>objicias</span> <span class='ocrx_word' id='word_1_524' title='bbox 3172 4252 3343 4337; x_wconf 88' lang='lat' dir='ltr'>quod</span> <span class='ocrx_word' id='word_1_525' title='bbox 3381 4271 3501 4319; x_wconf 89' lang='lat' dir='ltr'>ne-</span> 
     </span>
     <span class='ocr_line' id='line_1_79' title="bbox 1946 4357 3498 4442; baseline 0.003 -20"><span class='ocrx_word' id='word_1_526' title='bbox 1946 4358 2296 4422; x_wconf 86' lang='lat' dir='ltr'>cessarium</span> <span class='ocrx_word' id='word_1_527' title='bbox 2322 4361 2418 4422; x_wconf 90' lang='lat' dir='ltr'>est</span> <span class='ocrx_word' id='word_1_528' title='bbox 2450 4357 2819 4440; x_wconf 89' lang='lat' dir='ltr'>simpliciter</span> <span class='ocrx_word' id='word_1_529' title='bbox 2867 4359 3199 4424; x_wconf 86' lang='lat' dir='ltr'>Abraham</span> <span class='ocrx_word' id='word_1_530' title='bbox 3250 4378 3498 4442; x_wconf 83' lang='lat' dir='ltr'>cogno-</span> 
     </span>
     <span class='ocr_line' id='line_1_80' title="bbox 1947 4463 3500 4550; baseline 0.003 -20"><span class='ocrx_word' id='word_1_531' title='bbox 1947 4463 2117 4530; x_wconf 79' lang='lat' dir='ltr'>visse</span> <span class='ocrx_word' id='word_1_532' title='bbox 2146 4463 2224 4529; x_wconf 92' lang='lat' dir='ltr'>de</span> <span class='ocrx_word' id='word_1_533' title='bbox 2250 4464 2405 4544; x_wconf 87' lang='lat' dir='ltr'>hoc,</span> <span class='ocrx_word' id='word_1_534' title='bbox 2432 4468 2495 4529; x_wconf 87' lang='lat' dir='ltr'>et</span> <span class='ocrx_word' id='word_1_535' title='bbox 2513 4464 2853 4529; x_wconf 86' lang='lat' dir='ltr'>assensisse</span> <span class='ocrx_word' id='word_1_536' title='bbox 2880 4465 3057 4543; x_wconf 85' lang='lat' dir='ltr'>huic,</span> <span class='ocrx_word' id='word_1_537' title='bbox 3090 4485 3253 4550; x_wconf 86' lang='lat' dir='ltr'>ergo</span> <span class='ocrx_word' id='word_1_538' title='bbox 3290 4484 3500 4534; x_wconf 84' lang='lat' dir='ltr'>neces-</span> 
     </span>
     <span class='ocr_line' id='line_1_81' title="bbox 1947 4571 3495 4656; baseline 0.005 -20"><span class='ocrx_word' id='word_1_539' title='bbox 1947 4571 2195 4637; x_wconf 87' lang='lat' dir='ltr'>sarium</span> <span class='ocrx_word' id='word_1_540' title='bbox 2231 4576 2326 4636; x_wconf 90' lang='lat' dir='ltr'>est</span> <span class='ocrx_word' id='word_1_541' title='bbox 2351 4571 2720 4654; x_wconf 87' lang='lat' dir='ltr'>simpliciter</span> <span class='ocrx_word' id='word_1_542' title='bbox 2766 4573 3092 4639; x_wconf 86' lang='lat' dir='ltr'>Abraham</span> <span class='ocrx_word' id='word_1_543' title='bbox 3128 4575 3495 4656; x_wconf 84' lang='lat' dir='ltr'>credidisse3</span> 
     </span>
     <span class='ocr_line' id='line_1_82' title="bbox 1948 4679 3499 4764; baseline 0.002 -19"><span class='ocrx_word' id='word_1_544' title='bbox 1948 4679 2294 4746; x_wconf 88' lang='lat' dir='ltr'>dicendum</span> <span class='ocrx_word' id='word_1_545' title='bbox 2322 4680 2495 4763; x_wconf 88' lang='lat' dir='ltr'>quod</span> <span class='ocrx_word' id='word_1_546' title='bbox 2510 4697 2740 4745; x_wconf 91' lang='lat' dir='ltr'>verum</span> <span class='ocrx_word' id='word_1_547' title='bbox 2759 4683 2873 4761; x_wconf 86' lang='lat' dir='ltr'>est,</span> <span class='ocrx_word' id='word_1_548' title='bbox 2894 4683 3066 4764; x_wconf 88' lang='lat' dir='ltr'>quod</span> <span class='ocrx_word' id='word_1_549' title='bbox 3074 4684 3499 4749; x_wconf 83' lang='lat' dir='ltr'>necessarium</span> 
     </span>
     <span class='ocr_line' id='line_1_83' title="bbox 1950 4787 3500 4871; baseline 0.003 -18"><span class='ocrx_word' id='word_1_550' title='bbox 1950 4791 2046 4854; x_wconf 86' lang='lat' dir='ltr'>est</span> <span class='ocrx_word' id='word_1_551' title='bbox 2086 4787 2414 4871; x_wconf 88' lang='lat' dir='ltr'>Abraham</span> <span class='ocrx_word' id='word_1_552' title='bbox 2455 4788 2831 4870; x_wconf 86' lang='lat' dir='ltr'>cognovisse</span> <span class='ocrx_word' id='word_1_553' title='bbox 2868 4789 2947 4854; x_wconf 89' lang='lat' dir='ltr'>de</span> <span class='ocrx_word' id='word_1_554' title='bbox 2993 4790 3119 4856; x_wconf 90' lang='lat' dir='ltr'>hoc</span> <span class='ocrx_word' id='word_1_555' title='bbox 3151 4813 3168 4857; x_wconf 74' lang='grc' dir='ltr'><strong>ε</strong></span> <span class='ocrx_word' id='word_1_556' title='bbox 3214 4793 3325 4857; x_wconf 88' lang='lat' dir='ltr'>sed</span> <span class='ocrx_word' id='word_1_557' title='bbox 3367 4809 3500 4857; x_wconf 92' lang='lat' dir='ltr'>non</span> 
     </span>
     <span class='ocr_line' id='line_1_84' title="bbox 1951 4897 3504 4979; baseline 0.003 -16"><span class='ocrx_word' id='word_1_558' title='bbox 1951 4902 2045 4964; x_wconf 87' lang='lat' dir='ltr'>est</span> <span class='ocrx_word' id='word_1_559' title='bbox 2064 4897 2496 4962; x_wconf 88' lang='lat' dir='ltr'>necessarium</span> <span class='ocrx_word' id='word_1_560' title='bbox 2532 4898 2745 4979; x_wconf 88' lang='lat' dir='ltr'>ipsum</span> <span class='ocrx_word' id='word_1_561' title='bbox 2787 4901 3125 4967; x_wconf 88' lang='lat' dir='ltr'>assensisse</span> <span class='ocrx_word' id='word_1_562' title='bbox 3165 4901 3322 4966; x_wconf 90' lang='lat' dir='ltr'>huic</span> <span class='ocrx_word' id='word_1_563' title='bbox 3365 4920 3504 4967; x_wconf 89' lang='lat' dir='ltr'>cre-</span> 
     </span>
    </p>
   </div>
   <div class='ocr_carea' id='block_1_7' title="bbox 296 5005 3520 5524">
    <p class='ocr_par' dir='ltr' id='par_1_8' title="bbox 296 5005 3520 5524">
     <span class='ocr_line' id='line_1_85' title="bbox 296 5005 3504 5093; baseline -0.001 -18"><span class='ocrx_word' id='word_1_564' title='bbox 296 5008 661 5093; x_wconf 88' lang='lat' dir='ltr'>oppositum</span> <span class='ocrx_word' id='word_1_565' title='bbox 688 5008 829 5089; x_wconf 86' lang='lat' dir='ltr'>ejus</span> <span class='ocrx_word' id='word_1_566' title='bbox 865 5023 998 5070; x_wconf 90' lang='lat' dir='ltr'>non</span> <span class='ocrx_word' id='word_1_567' title='bbox 1041 5007 1246 5088; x_wconf 88' lang='lat' dir='ltr'>potest</span> <span class='ocrx_word' id='word_1_568' title='bbox 1288 5008 1457 5070; x_wconf 86' lang='lat' dir='ltr'>stare</span> <span class='ocrx_word' id='word_1_569' title='bbox 1474 5052 1496 5084; x_wconf 87' lang='lat'><em>,</em></span> <span class='ocrx_word' id='word_1_570' title='bbox 1526 5022 1648 5069; x_wconf 91' lang='lat' dir='ltr'>nec</span> <span class='ocrx_word' id='word_1_571' title='bbox 1691 5021 1843 5069; x_wconf 91' lang='lat' dir='ltr'>cum</span> <span class='ocrx_word' id='word_1_572' title='bbox 1954 5005 2084 5071; x_wconf 90' lang='lat' dir='ltr'>dito</span> <span class='ocrx_word' id='word_1_573' title='bbox 2105 5005 2544 5087; x_wconf 82' lang='lat' dir='ltr'>contingenti,</span> <span class='ocrx_word' id='word_1_574' title='bbox 2582 5007 2647 5068; x_wconf 87' lang='lat' dir='ltr'>et</span> <span class='ocrx_word' id='word_1_575' title='bbox 2671 5005 2796 5069; x_wconf 91' lang='lat' dir='ltr'>hoc</span> <span class='ocrx_word' id='word_1_576' title='bbox 2820 5024 3085 5073; x_wconf 86' lang='lat' dir='ltr'>assensu</span> <span class='ocrx_word' id='word_1_577' title='bbox 3107 5008 3279 5073; x_wconf 83' lang='lat' dir='ltr'>fidei.</span> <span class='ocrx_word' id='word_1_578' title='bbox 3320 5008 3504 5074; x_wconf 87' lang='lat' dir='ltr'>Fides</span> 
     </span>
     <span class='ocr_line' id='line_1_86' title="bbox 299 5110 3505 5199; baseline 0.001 -18"><span class='ocrx_word' id='word_1_579' title='bbox 299 5121 447 5181; x_wconf 87' lang='lat' dir='ltr'>actu</span> <span class='ocrx_word' id='word_1_580' title='bbox 468 5114 706 5181; x_wconf 80' lang='lat' dir='ltr'>divinae</span> <span class='ocrx_word' id='word_1_581' title='bbox 732 5112 1172 5195; x_wconf 82' lang='lat' dir='ltr'>praescientiae,</span> <span class='ocrx_word' id='word_1_582' title='bbox 1200 5129 1321 5177; x_wconf 89' lang='lat' dir='ltr'>nec</span> <span class='ocrx_word' id='word_1_583' title='bbox 1343 5130 1493 5178; x_wconf 90' lang='lat' dir='ltr'>cum</span> <span class='ocrx_word' id='word_1_584' title='bbox 1517 5115 1665 5177; x_wconf 85' lang='lat' dir='ltr'>actu</span> <span class='ocrx_word' id='word_1_585' title='bbox 1697 5110 1846 5176; x_wconf 81' lang='lat' dir='ltr'>fidei</span> <span class='ocrx_word' id='word_1_586' title='bbox 1957 5114 2133 5179; x_wconf 92' lang='lat' dir='ltr'>enim</span> <span class='ocrx_word' id='word_1_587' title='bbox 2158 5114 2339 5179; x_wconf 86' lang='lat' dir='ltr'>sicin</span> <span class='ocrx_word' id='word_1_588' title='bbox 2365 5131 2440 5177; x_wconf 92' lang='lat' dir='ltr'>eo</span> <span class='ocrx_word' id='word_1_589' title='bbox 2466 5113 2868 5195; x_wconf 85' lang='lat' dir='ltr'>assentiebat,</span> <span class='ocrx_word' id='word_1_590' title='bbox 2900 5114 3064 5182; x_wconf 89' lang='lat' dir='ltr'>sicut</span> <span class='ocrx_word' id='word_1_591' title='bbox 3087 5116 3254 5181; x_wconf 90' lang='lat' dir='ltr'>Deus</span> <span class='ocrx_word' id='word_1_592' title='bbox 3272 5118 3505 5199; x_wconf 80' lang='lat' dir='ltr'>praevi·</span> 
     </span>
     <span class='ocr_line' id='line_1_87' title="bbox 298 5217 3510 5307; baseline 0.001 -19"><span class='ocrx_word' id='word_1_593' title='bbox 298 5227 558 5289; x_wconf 83' lang='lat' dir='ltr'>nostrae.</span> <span class='ocrx_word' id='word_1_594' title='bbox 581 5221 718 5286; x_wconf 85' lang='lat' dir='ltr'>Sed</span> <span class='ocrx_word' id='word_1_595' title='bbox 766 5238 885 5285; x_wconf 87' lang='lat' dir='ltr'>nec</span> <span class='ocrx_word' id='word_1_596' title='bbox 934 5219 1095 5284; x_wconf 89' lang='lat' dir='ltr'>illud</span> <span class='ocrx_word' id='word_1_597' title='bbox 1142 5217 1375 5300; x_wconf 83' lang='lat' dir='ltr'>solvit,</span> <span class='ocrx_word' id='word_1_598' title='bbox 1403 5219 1559 5301; x_wconf 84' lang='lat' dir='ltr'>quia</span> <span class='ocrx_word' id='word_1_599' title='bbox 1598 5237 1732 5284; x_wconf 91' lang='lat' dir='ltr'>non</span> <span class='ocrx_word' id='word_1_600' title='bbox 1755 5223 1849 5285; x_wconf 90' lang='lat' dir='ltr'>est</span> <span class='ocrx_word' id='word_1_601' title='bbox 1961 5222 2150 5287; x_wconf 85' lang='lat' dir='ltr'>debat</span> <span class='ocrx_word' id='word_1_602' title='bbox 2196 5243 2214 5286; x_wconf 74' lang='grc' dir='ltr'><strong>ε</strong></span> <span class='ocrx_word' id='word_1_603' title='bbox 2263 5220 2374 5284; x_wconf 91' lang='lat' dir='ltr'>sed</span> <span class='ocrx_word' id='word_1_604' title='bbox 2421 5219 2642 5285; x_wconf 84' lang='lat' dir='ltr'>divina</span> <span class='ocrx_word' id='word_1_605' title='bbox 2682 5221 2983 5302; x_wconf 79' lang='lat' dir='ltr'>praevisio</span> <span class='ocrx_word' id='word_1_606' title='bbox 3024 5224 3118 5287; x_wconf 88' lang='lat' dir='ltr'>sic</span> <span class='ocrx_word' id='word_1_607' title='bbox 3159 5224 3510 5307; x_wconf 72' lang='lat' dir='ltr'>praevidet,</span> 
     </span>
     <span class='ocr_line' id='line_1_88' title="bbox 299 5324 3516 5414; baseline -0 -17"><span class='ocrx_word' id='word_1_608' title='bbox 299 5329 559 5414; x_wconf 85' lang='lat' dir='ltr'>aliquod</span> <span class='ocrx_word' id='word_1_609' title='bbox 590 5326 973 5411; x_wconf 85' lang='lat' dir='ltr'>contingens</span> <span class='ocrx_word' id='word_1_610' title='bbox 987 5375 1008 5407; x_wconf 89' lang='lat'>,</span> <span class='ocrx_word' id='word_1_611' title='bbox 1035 5325 1203 5410; x_wconf 77' lang='lat' dir='ltr'>quod</span> <span class='ocrx_word' id='word_1_612' title='bbox 1233 5324 1404 5391; x_wconf 90' lang='lat' dir='ltr'>Deus</span> <span class='ocrx_word' id='word_1_613' title='bbox 1436 5342 1571 5390; x_wconf 92' lang='lat' dir='ltr'>non</span> <span class='ocrx_word' id='word_1_614' title='bbox 1609 5325 1847 5409; x_wconf 84' lang='lat' dir='ltr'>praevi-</span> <span class='ocrx_word' id='word_1_615' title='bbox 1964 5328 2136 5414; x_wconf 83' lang='lat' dir='ltr'>quod</span> <span class='ocrx_word' id='word_1_616' title='bbox 2162 5326 2458 5411; x_wconf 81' lang='lat' dir='ltr'>quamvis</span> <span class='ocrx_word' id='word_1_617' title='bbox 2498 5329 2678 5391; x_wconf 87' lang='lat' dir='ltr'>actus</span> <span class='ocrx_word' id='word_1_618' title='bbox 2720 5326 2956 5394; x_wconf 82' lang='lat' dir='ltr'>divinae</span> <span class='ocrx_word' id='word_1_619' title='bbox 2993 5330 3516 5414; x_wconf 71' lang='lat' dir='ltr'>praecognitionis</span> 
     </span>
     <span class='ocr_line' id='line_1_89' title="bbox 304 5433 3520 5524; baseline -0.001 -19"><span class='ocrx_word' id='word_1_620' title='bbox 304 5438 492 5516; x_wconf 85' lang='lat' dir='ltr'>derit,</span> <span class='ocrx_word' id='word_1_621' title='bbox 524 5437 579 5501; x_wconf 85' lang='lat' dir='ltr'>si</span> <span class='ocrx_word' id='word_1_622' title='bbox 606 5436 993 5511; x_wconf 83' lang='lat' dir='ltr'>eventurum</span> <span class='ocrx_word' id='word_1_623' title='bbox 1010 5435 1127 5514; x_wconf 86' lang='lat' dir='ltr'>est,</span> <span class='ocrx_word' id='word_1_624' title='bbox 1145 5449 1264 5500; x_wconf 88' lang='lat' dir='ltr'>nec</span> <span class='ocrx_word' id='word_1_625' title='bbox 1279 5451 1394 5515; x_wconf 86' lang='lat' dir='ltr'>per</span> <span class='ocrx_word' id='word_1_626' title='bbox 1404 5433 1855 5517; x_wconf 63' lang='lat' dir='ltr'>praevisionem</span> <span class='ocrx_word' id='word_1_627' title='bbox 1976 5437 2058 5502; x_wconf 86' lang='lat' dir='ltr'>sit</span> <span class='ocrx_word' id='word_1_628' title='bbox 2070 5437 2139 5501; x_wconf 90' lang='lat' dir='ltr'>in</span> <span class='ocrx_word' id='word_1_629' title='bbox 2158 5453 2228 5501; x_wconf 90' lang='lat' dir='ltr'>se</span> <span class='ocrx_word' id='word_1_630' title='bbox 2246 5433 2667 5514; x_wconf 75' lang='lat' dir='ltr'>necessarius,</span> <span class='ocrx_word' id='word_1_631' title='bbox 2681 5437 2897 5501; x_wconf 90' lang='lat' dir='ltr'>tamen</span> <span class='ocrx_word' id='word_1_632' title='bbox 2914 5439 3303 5521; x_wconf 84' lang='lat' dir='ltr'>comparatio</span> <span class='ocrx_word' id='word_1_633' title='bbox 3316 5440 3520 5524; x_wconf 87' lang='lat' dir='ltr'>ipsius</span> 
     </span>
    </p>
   </div>
  </div>
 </body>
</html>
