4185 6288
468 1182 678 1226 Fundam.

706 508 823 573 106

1230 753 1590 833 QUAESTIO
1633 756 1685 821 I.

751 921 844 978 An
866 920 1053 977 Maria
1080 921 1141 976 in
1168 921 1505 991 conceptione
1529 920 1700 987 ruerit
1728 918 1946 990 aliquid
1971 919 2214 992 Spiritui

1197 1013 1382 1065 sancto
1408 1014 1692 1080 cooperata
1717 1008 1754 1062 ¹.

789 1169 1015 1234 Utrum
1060 1171 1132 1233 in
1176 1169 1283 1233 illa
1327 1169 1739 1252 conceptione
1781 1168 2023 1251 aliquid
2061 1169 2254 1249 virgo

706 1277 906 1342 Maria
958 1276 1151 1341 fuerit
1203 1276 1469 1359 Spiritui
1524 1281 1742 1340 sancto
1796 1280 2133 1358 cooperata
2186 1279 2253 1340 in

710 1388 949 1469 aliqu0,
970 1384 1288 1449 mediante
1307 1385 1520 1467 aliqua
1537 1384 1845 1468 potentia3
1868 1388 1932 1448 et
1949 1384 2119 1466 quod
2141 1384 2249 1463 sic,

706 1495 963 1559 videtur
984 1494 1190 1577 primo
1217 1494 1590 1559 auctoritate
1622 1494 2021 1573 Damasceni,
2053 1513 2249 1575 quam

708 1604 888 1687 ponit
916 1601 1217 1682 Magister
1245 1602 1314 1665 in
1339 1602 1551 1667 littera
1581 1622 1596 1666 ι
1642 1625 1673 1663 α
1703 1601 2022 1667 Praevenit
2053 1602 2258 1685 Spiri-

708 1715 813 1774 tus
862 1714 1121 1773 sanctus
1170 1711 1239 1774 in
1290 1710 1518 1792 ipsam,
1564 1710 1921 1774 secundum
1977 1711 2253 1774 verbum

710 1817 879 1898 quod
921 1817 1173 1881 dixerat
1214 1817 1503 1898 Angelus
1537 1817 1626 1894 ei,
1657 1835 1950 1899 purgans
1983 1835 2161 1895 eam,
2193 1820 2258 1880 et

707 1926 1057 2007 potentiam
1086 1924 1332 1989 deitatis
1366 1923 1556 1988 Verbi
1592 1925 1974 2007 receptivam
2004 1943 2257 2007 praepa-

709 2049 859 2094 rans
895 2031 1091 2094 simul
1128 2035 1191 2094 et
1235 2032 1697 2113 generativam.
1735 2055 1766 2092 ι)
1812 2032 1985 2114 Ergo
2024 2032 2082 2094 si
2125 2050 2258 2096 non

709 2140 920 2203 solum
977 2140 1205 2202 habuit
1256 2141 1606 2221 potentiam
1658 2140 2048 2223 receptivam
2071 2189 2088 2216 ,
2147 2140 2256 2204 sed

708 2247 899 2309 etiam
946 2248 1386 2329 generativam
1406 2297 1422 2324 ,
1472 2266 1605 2312 non
1654 2249 1864 2312 solum
1908 2267 1975 2311 se
2030 2247 2259 2312 habuit
2298 2288 2301 2291 «

707 2353 899 2435 virgo
934 2352 1133 2417 Maria
1163 2373 1276 2439 per
1314 2356 1579 2419 modum
1628 2356 2024 2438 recipientia,
2057 2355 2167 2420 sed
2196 2359 2260 2418 et

708 2480 822 2544 per
848 2462 1112 2526 modum
1140 2464 1389 2544 agentis
1412 2467 1475 2527 et
1494 2464 1914 2546 cooperantia

788 2568 948 2632 Item
982 2587 1137 2634 vera
1165 2575 1365 2635 mater
1395 2574 1775 2653 cooperatur
1807 2570 1878 2632 in
1909 2569 2022 2632 filii
2053 2588 2254 2651 gene-

712 2676 999 2742 ratione:
1047 2677 1156 2741 sed
1208 2677 1393 2742 beata
1442 2677 1644 2742 Maria
1688 2696 1840 2741 vere
1897 2678 2019 2741 fuit
2054 2682 2258 2741 mater

710 2783 988 2850 Christi:
1039 2803 1196 2866 ergo
1243 2805 1394 2850 vere
1445 2787 1566 2850 fuit
1606 2791 1942 2869 cooperata
1992 2786 2062 2849 in
2115 2788 2258 2868 eJus

711 2895 1121 2977 conceptione
1146 2896 1371 2958 virtuti
1395 2894 1671 2977 Spiritus
1697 2895 1919 2958 sancti.

789 3001 947 3066 Item
977 3003 1100 3066 hoc
1127 3003 1517 3081 conceditur,
1545 3008 1608 3068 et
1630 3007 1924 3066 cantatur
1949 3004 2030 3066 ab
2055 2986 2260 3067 Eccle-

714 3112 813 3175 sia
836 3115 1144 3194 tanquam
1168 3130 1362 3176 verus
1391 3116 1454 3176 et
1479 3112 1827 3177 catholicus
1854 3130 2065 3176 sermo
2098 3135 2112 3176 :
2150 3113 2258 3178 Ge·

706 3220 858 3284 nuit
899 3235 1216 3301 puerpera
1259 3234 1465 3301 reqem
1509 3241 1533 3284 .·
1570 3221 1678 3285 sed
1722 3236 2023 3302 generare
2064 3238 2259 3301 agere

708 3330 826 3404 est,
853 3330 917 3389 et
943 3326 1107 3389 actio
1135 3326 1391 3390 virtutis
1417 3327 1807 3408 generativae
1842 3349 1856 3390 :
1892 3345 2050 3407 ergo
2086 3328 2261 3391 vide-

710 3440 820 3498 tur
845 3434 1017 3517 quod
1048 3434 1118 3496 in
1146 3434 1252 3498 illa
1287 3436 1699 3518 conceptione
1737 3435 2116 3515 generativa
2163 3435 2261 3499 vis

706 3539 993 3622 Virginis
1019 3545 1352 3623 cooperata
1372 3542 1492 3604 fuit
1518 3542 1756 3605 divinae
1791 3542 2037 3606 virtuti.

789 3651 946 3714 Item
977 3655 1090 3714 aut
1118 3648 1317 3730 Virgo
1352 3648 1548 3713 Maria
1585 3652 1921 3732 cooperata
1962 3649 2116 3729 fuit,
2149 3652 2262 3712 aut

711 3777 843 3822 non
872 3776 889 3820 :
918 3758 972 3820 si
999 3757 1107 3837 sic,
1142 3758 1345 3820 habeo
1377 3757 1810 3846 propositum;
1844 3757 2074 3834 sinon,
2099 3775 2260 3839 ergo

711 3867 938 3931 habuit
975 3885 1043 3930 se
1088 3866 1487 3930 solummodo
1533 3866 1698 3930 sicut
1735 3867 2004 3931 materia
2053 3890 2066 3930 :
2102 3886 2259 3948 ergo

710 3976 878 4039 sicut
913 3974 1093 4038 nulla
1135 3979 1231 4038 est
1260 3976 1532 4038 affinitas
1578 3976 1861 4039 hominis
1906 3975 1986 4038 ad
2025 3976 2259 4039 limum

707 4084 878 4148 unde
910 4082 1220 4146 formatus
1248 4087 1373 4156 est,
1416 4081 1506 4144 sic
1545 4100 1662 4145 nec
1689 4082 1905 4145 Mariae
1937 4083 2016 4146 ad
2043 4082 2258 4147 Chris-

708 4197 851 4255 tum
884 4212 898 4254 :
930 4190 1039 4254 sed
1069 4190 1191 4253 hoc
1216 4192 1311 4251 est
1333 4189 1565 4253 falsum
1598 4208 1615 4252 :
1646 4207 1837 4270 erge,
1870 4193 1988 4252 etc.

787 4297 946 4363 Item
988 4296 1090 4360 vir
1118 4297 1394 4379 praebuit
1421 4295 1680 4360 mulieri
1723 4296 2047 4359 materiale
2080 4296 2259 4378 prin-

706 4408 977 4492 cipium,
1021 4405 1280 4491 quando
1325 4406 1403 4470 de
1446 4408 1589 4489 ejus
1637 4408 1810 4470 costa
1850 4405 2122 4468 formata
2166 4409 2262 4468 est

706 4516 842 4581 Eva
877 4537 892 4578 :
936 4514 1046 4580 sed
1082 4517 1342 4597 propter
1383 4512 1505 4576 hoc
1550 4512 1752 4594 ipsius
1794 4511 2081 4575 mulieris
2127 4528 2258 4573 non

706 4623 937 4686 dicitur
976 4639 1114 4685 esse
1152 4625 1334 4704 pater
1358 4625 1471 4684 aut
1521 4623 1743 4699 mater,
1775 4619 1928 4701 quia
1957 4637 2261 4702 coopera-

708 4736 814 4795 tus
844 4730 1125 4796 nonfuit
1159 4729 1232 4793 in
1261 4731 1403 4811 ejus
1448 4727 1825 4792 formatione
1872 4746 1888 4790 :
1920 4726 2029 4791 sed
2073 4728 2259 4791 beata

707 4839 906 4921 Virgo
948 4838 1392 4903 habitudinem
1437 4834 1659 4899 matris
1698 4834 1890 4897 habet
1917 4833 1998 4898 ad
2045 4833 2260 4898 Chris-

707 4952 848 5010 tum
897 4969 913 5010 :
961 4964 1120 5027 ergo
1174 4962 1307 5008 non
1357 4941 1567 5005 solum
1622 4941 2007 5024 praeparavit
2050 4945 2257 5006 mate-

705 5055 867 5117 riam
883 5102 901 5132 ,
928 5054 1037 5117 sed
1063 5055 1397 5134 cooperata
1422 5050 1541 5113 fuit
1566 5049 1646 5114 ad
1676 5048 2102 5113 inducendam
2128 5050 2258 5112 for-

701 5179 899 5225 mam.

769 5285 886 5349 ¹Ct'.
915 5287 967 5337 S.
991 5285 1232 5347 Thomas,
1260 5299 1312 5348 p.
1338 5284 1420 5347 m,
1453 5298 1503 5350 q.
1535 5294 1707 5342 xxmr,
1737 5287 1980 5347 art.4;et
1995 5285 2063 5335 111
2079 5285 2242 5351 sent„
2336 5299 2347 5312 ²

696 5359 814 5411 dist.
851 5367 924 5419 ιν,
961 5370 1010 5420 q.
1044 5367 1102 5419 11,
1130 5360 1227 5406 art.
1260 5363 1278 5406 t
1303 5372 1320 5420 3
1357 5357 1557 5418 Scotus,
1592 5357 1630 5405 ΙΙ
1662 5357 1819 5414 Seni„
1863 5357 1981 5409 dist.
2012 5370 2084 5420 ιν,
2116 5372 2167 5422 q.
2200 5372 2246 5422 1;

694 5429 954 5490 Richard.,
985 5429 1048 5479 lt!
1096 5429 1257 5489 Sent„
1299 5428 1417 5478 dist.
1460 5440 1537 5490 iv,
1569 5431 1664 5478 art.
1709 5430 1777 5490 2,
1817 5442 1871 5491 q.
1914 5441 1991 5491 1¹3
2031 5431 2255 5481 Thomas

695 5504 927 5569 Argent„
958 5501 1022 5552 ΙΙΙ
1059 5501 1217 5564 Sent„
1250 5500 1367 5550 dist.
1410 5511 1462 5552 ιν
1484 5534 1497 5561 ,
1521 5512 1571 5562 q.
1604 5510 1653 5563 1,
1680 5502 1773 5550 art.
1802 5502 1831 5549 2
1848 5513 1864 5561 ς
1896 5499 2029 5551 Guil.
2073 5502 2257 5569 Voril„

1822 501 2449 570 SENTENTIARUM
2488 504 2638 570 LIB.
2680 507 2789 571 111.

2444 638 2603 703 Item
2635 644 2862 708 veritas
2883 645 3067 710 debet
3093 647 3474 729 respondere
3501 648 3732 729 flgurae
3758 647 3915 713 :sed

2364 749 2550 831 virgo
2577 751 2776 818 Maria
2804 756 3083 837 figurata
3106 763 3200 822 est
3227 777 3340 842 per
3367 759 3625 840 virgam
3651 758 3909 822 Aaron:

2362 862 2424 921 et
2449 859 2642 942 virga
2668 864 2881 928 Aaron
2909 865 3225 943 fronduit,
3254 872 3315 930 et
3345 866 3596 945 floruit,
3638 871 3702 929 et
3736 867 3916 929 fruc—

2362 968 2502 1028 tum
2551 970 2726 1049 fecit,
2775 972 2937 1035 sicut
2982 974 3253 1037 habetur
3292 975 3360 1037 in
3408 974 3752 1038 Numeris²
3778 992 3805 1034 .·
3837 973 3916 1037 de

2361 1073 2518 1137 flore
2547 1083 2761 1142 autem
2788 1082 3162 1161 pervenitur
3187 1082 3264 1145 ad
3288 1083 3566 1146 fructum
3597 1081 3916 1145 mediante

2362 1178 2603 1245 virtute
2627 1184 2832 1247 activa
2859 1192 3110 1268 reperta
3133 1186 3205 1248 in
3233 1185 3449 1267 planta
3474 1203 3623 1270 quae
3655 1185 3905 1248 floruit:

2362 1285 2486 1349 fuit
2512 1290 2701 1353 etiam
2735 1292 2799 1354 in
2834 1293 3020 1373 virga
3048 1293 3254 1356 virtus
3294 1293 3500 1357 activa
3539 1292 3619 1355 ad
3646 1292 3919 1357 fructifi-

2363 1393 2638 1458 candum
2683 1416 2887 1479 :ergo
2927 1400 3182 1464 videtur
3225 1400 3428 1463 multo
3467 1400 3695 1464 fortius
3739 1399 3915 1481 quod

2363 1499 2432 1562 in
2455 1499 2721 1582 Virgine
2749 1504 2968 1569 Maria.

2443 1606 2565 1670 Sed.
2606 1617 2828 1674 contra
2857 1618 2887 1675 1
2921 1614 2942 1648 ⁸
2975 1636 2989 1676 :
3022 1614 3209 1679 Misit
3246 1614 3414 1679 Deus
3455 1613 3671 1693 filium
3722 1629 3913 1677 suum

2365 1712 2607 1791 {actum
2638 1732 2722 1781 ex
2746 1719 3005 1785 muliere
3022 1719 3044 1753 ⁸
3067 1742 3091 1785 .·
3115 1721 3237 1792 Qui
3267 1721 3479 1799 ructus
3502 1726 3591 1785 est
3619 1721 3681 1785 ei
3711 1735 3797 1784 cz·
3823 1735 3916 1783 se-

2362 1822 2536 1888 mine
2558 1824 2772 1890 David
2786 1846 2807 1887 :
2823 1845 2896 1890 sn
2905 1845 3015 1909 per
3037 1846 3231 1910 quem
3252 1828 3468 1891 locum
3492 1828 3640 1891 dicit
3660 1826 3916 1891 Glossa:

2372 1953 2403 1988 α
2427 1928 2767 2011 Apostolus
2812 1933 2959 1997 dicit
3006 1936 3252 2014 factum
3270 1980 3291 2012 ,
3339 1933 3449 1998 sed
3494 1952 3624 1997 non
3666 1940 3917 1999 nalum.

2364 2041 2554 2105 Aliud
2583 2048 2678 2106 est
2705 2045 2878 2109 enim
2920 2065 3001 2109 ex
3046 2047 3287 2110 semine
3325 2047 3610 2110 admixto
3648 2044 3924 2125 sangui-

2364 2151 2467 2214 nis
2510 2156 2781 2235 coagulo
2822 2174 3170 2236 generare,
3215 2155 3390 2219 aliud
3434 2172 3562 2218 non
3603 2154 3920 2217 commix-

2363 2261 2558 2340 tione,
2605 2263 2713 2326 sed
2757 2263 2995 2328 virtute
3038 2283 3389 2347 procreare.
3431 2261 3705 2326 Possunt
3748 2261 3921 2325 enim

2357 2368 2661 2432 homines
2702 2369 2862 2433 filios
2905 2388 3245 2450 generare,
3289 2370 3397 2433 sed
3444 2387 3573 2432 non
3618 2368 3847 2431 facere.
3882 2389 3911 2425 n

2367 2474 2541 2556 Ergo
2568 2476 2823 2540 videtur
2846 2476 3017 2559 quod
3044 2477 3231 2557 virgo
3256 2475 3454 2540 Maria
3480 2476 3689 2540 solum
3715 2492 3785 2538 se
3812 2474 3922 2538 ha-

2366 2582 2509 2645 buit
2528 2588 2604 2646 ut
2630 2584 2957 2647 materiale
2986 2583 3397 2667 principium,
3423 2601 3506 2647 ex
3532 2600 3661 2665 quo
3689 2599 3921 2664 corpus

2364 2688 2597 2752 Christi
2624 2689 2853 2752 dicitur
2882 2691 3143 2753 factum.

2447 2797 2603 2860 Item
2654 2796 3120 2861 Damascenus⁸
3159 2819 3174 2859 :
3232 2820 3263 2857 (ι
3298 2796 3630 2880 Copulavit
3669 2796 3797 2858 sibi
3843 2795 3919 2858 de

2365 2904 2723 2985 purissimis
2764 2909 2828 2967 et
2867 2904 3282 2967 sanctissimis
3326 2902 3612 2984 Virginis
3648 2901 3921 2982 sangui·

2366 3012 2560 3075 nibus
2581 3061 2598 3090 ,
2655 3030 2786 3075 non
2856 3013 3217 3089 seminans,
3275 3012 3383 3075 sed
3445 3028 3560 3093 per
3606 3009 3921 3092 Spiritum

2367 3125 2660 3184 sanctum
2692 3137 2935 3184 creans.
2969 3142 2999 3179 ι)
3042 3119 3108 3184 Si
3146 3138 3304 3201 ergo
3345 3119 3579 3183 creatio
3619 3122 3717 3182 est
3760 3117 3920 3181 actio

2367 3228 2563 3290 solius
2592 3227 2736 3307 Dei,
2769 3227 2836 3291 in
2866 3246 2995 3310 qua
3029 3245 3160 3291 non
3192 3231 3568 3309 cooperatur
3595 3231 3919 3299 creatura,

2367 3334 2624 3399 videtur
2650 3336 2820 3417 quod
2850 3335 2917 3398 in
2958 3335 3138 3399 nullo
3167 3335 3359 3399 tuerit
3385 3332 3586 3415 Virgo
3617 3349 3922 3415 coopera-

2370 3442 2521 3505 trix.

2447 3552 2506 3612 3.
2556 3548 2715 3612 Item
2743 3548 3027 3614 Christus
3053 3549 3277 3614 eodem
3317 3548 3507 3612 modo
3534 3548 3658 3610 fuit
3705 3547 3779 3608 in
3820 3564 3923 3628 pa-

2368 3656 2681 3734 rentibuS,
2713 3675 2842 3738 quo
2866 3658 2989 3720 fuit
3015 3658 3084 3721 in
3106 3656 3372 3737 Virgine
3404 3677 3417 3718 :
3450 3655 3652 3718 sedin
3684 3671 3916 3736 paren-

2366 3765 2536 3829 tibus
2577 3768 2697 3830 fuit
2742 3768 3093 3831 secundnm
3147 3767 3586 3850 corpulentam
3629 3766 3922 3828 substan-

2365 3875 2524 3937 tiam
2567 3880 2822 3938 tantum
2855 3898 2869 3939 :
2900 3894 3061 3956 ergo
3089 3875 3300 3939 necin
3330 3874 3599 3955 Virgine
3635 3873 3763 3937 fuit
3804 3871 3923 3934 nisi

2367 3983 2721 4047 secundum
2741 3983 3181 4065 corpulentam
3206 3981 3655 4045 substantiam.
3678 3977 3746 4043 Si
3771 3993 3923 4058 ergo

2366 4091 2697 4171 generatio
2724 4091 2873 4153 dicit
2895 4090 3029 4152 vim
3058 4089 3333 4154 activam
3357 4093 3419 4152 et
3446 4088 3925 4168 cooperativam

2368 4193 2447 4256 ad
2506 4195 2782 4257 formam
2843 4193 3359 4275 producendam,
3431 4189 3692 4254 videtur
3753 4185 3925 4272 quod

2319 4358 2324 4363 .
2366 4300 2557 4381 virgo
2592 4301 2791 4364 Maria
2830 4301 2897 4364 in
2939 4301 3117 4366 nullo
3158 4300 3351 4364 fuerit
3395 4298 3663 4381 Spiritui
3708 4299 3921 4360 sancto

2368 4413 2722 4491 cooperata.

2447 4521 2507 4579 4.
2543 4515 2698 4579 Item
2727 4534 2929 4597 agens
2957 4514 3259 4599 potentiae
3296 4514 3497 4578 finitae
3539 4530 3675 4577 non
3722 4511 3923 4594 potest

2367 4624 2760 4701 continuari,
2808 4642 2929 4687 nec
2973 4622 3301 4705 cooperari
3350 4623 3421 4685 in
3465 4621 3721 4702 agendo
3772 4635 3920 4682 cum

2368 4736 2601 4812 agente
2641 4732 2938 4813 potentiae
2984 4731 3255 4794 infinitae
3296 4731 3363 4793 in
3399 4748 3476 4793 ea
3509 4729 3915 4811 operatione,

2367 4839 2434 4902 in
2460 4858 2589 4922 qua
2614 4842 2915 4921 operatur
2948 4838 3156 4902 virtus
3179 4837 3289 4900 illa
3316 4854 3431 4918 per
3459 4835 3731 4899 modum
3769 4834 3916 4896 infi-

2364 4948 2485 5011 niti
2520 4969 2532 5009 :
2566 4947 2672 5010 sed
2704 4945 3031 5028 conceptio
3074 4943 3305 5007 Christi
3340 4943 3463 5006 fuit
3510 4943 3579 5004 in
3630 4942 3911 5019 instanti,

2367 5055 2530 5118 sicut
2555 5058 2880 5117 ostensum
2908 5052 3031 5116 fuit
3066 5069 3282 5133 supra.
3315 5047 3675 5114 Producere
3703 5056 3915 5114 autem

2368 5183 2507 5230 rem
2535 5164 2600 5225 in
2643 5162 2945 5241 instanti,
2977 5177 3126 5244 quae
3158 5164 3308 5223 nata
3346 5161 3442 5223 est
3469 5159 3739 5241 produci
3774 5175 3915 5223 suc-

2370 5358 2434 5408 111
2467 5355 2627 5414 Seni„
2655 5352 2769 5402 dist.
2805 5362 2874 5415 tv,
2898 5365 2949 5416 q.
2979 5361 3017 5400 1.
3045 5350 3148 5388 —¹
3174 5349 3349 5412 Num„
3395 5360 3537 5411 xvu,
3567 5353 3615 5400 8.
3643 5374 3708 5386 —
3727 5348 3750 5384 ⁸
3781 5346 3913 5414 Gal„

2366 5440 2440 5553 a),
2472 5423 2647 5548 til—c*
2662 5425 2840 5546 Ιζίοννιυ
2866 5436 2906 5485 1,
2930 5426 2979 5472 3.
3007 5448 3069 5461 --
3106 5423 3127 5458 ⁸
3157 5422 3412 5478 Damaso..
3441 5420 3501 5471 de
3528 5421 3656 5472 Fide
3686 5419 3911 5480 Ortlaod„

2442 5534 2456 5549 .
2547 5532 2566 5559 ,
2630 5535 2639 5546 .
2711 5530 2725 5544 .

3966 1633 4028 1677 Ad
4046 1648 4135 1691 opp.
